% This file was created with JabRef 2.7b.
% Encoding: UTF-8

@article{Perivo16,
      author         = "Perivolaropoulos, Leandros",
      title          = "{Submillimeter spatial oscillations of Newton’s
                        constant: Theoretical models and laboratory tests}",
      journal        = "Phys. Rev.",
      volume         = "D95",
      year           = "2017",
      number         = "8",
      pages          = "084050",
      doi            = "10.1103/PhysRevD.95.084050",
      eprint         = "1611.07293",
      archivePrefix  = "arXiv",
      primaryClass   = "gr-qc",
      SLACcitation   = "%%CITATION = ARXIV:1611.07293;%%"
}

@article{BeG2011,
      author         = "Berry, Christopher P. L. and Gair, Jonathan R.",
      title          = "{Linearized f(R) Gravity: Gravitational Radiation and
                        Solar System Tests}",
      journal        = "Phys. Rev.",
      volume         = "D83",
      year           = "2011",
      pages          = "104022",
      doi            = "10.1103/PhysRevD.85.089906, 10.1103/PhysRevD.83.104022",
      note           = "[Erratum: Phys. Rev.D85,089906(2012)]",
      eprint         = "1104.0819",
      archivePrefix  = "arXiv",
      primaryClass   = "gr-qc",
      SLACcitation   = "%%CITATION = ARXIV:1104.0819;%%"
}

@article{CST2007,
      author         = "Capozziello, S. and Stabile, A. and Troisi, A.",
      title          = "{The Newtonian Limit of f(R) gravity}",
      journal        = "Phys. Rev.",
      volume         = "D76",
      year           = "2007",
      pages          = "104019",
      doi            = "10.1103/PhysRevD.76.104019",
      eprint         = "0708.0723",
      archivePrefix  = "arXiv",
      primaryClass   = "gr-qc",
      SLACcitation   = "%%CITATION = ARXIV:0708.0723;%%"
}

@article{Schell2016,
      author         = "Schellstede, Gerold Oltman",
      title          = "{On the Newtonian limit of metric f(R) gravity}",
      journal        = "Gen. Rel. Grav.",
      volume         = "48",
      year           = "2016",
      number         = "9",
      pages          = "118",
      doi            = "10.1007/s10714-016-2111-9",
      SLACcitation   = "%%CITATION = GRGVA,48,118;%%"
}

@article{Olmo2005,
      author         = "Olmo, Gonzalo J.",
      title          = "{Post-Newtonian constraints on f(R) cosmologies in metric
                        and Palatini formalism}",
      journal        = "Phys. Rev.",
      volume         = "D72",
      year           = "2005",
      pages          = "083505",
      doi            = "10.1103/PhysRevD.72.083505",
      eprint         = "gr-qc/0505135",
      archivePrefix  = "arXiv",
      primaryClass   = "gr-qc",
      SLACcitation   = "%%CITATION = GR-QC/0505135;%%"
}
@article{Faraoni96,
      author         = "Faraoni, Valerio",
      title          = "{Matter instability in modified gravity}",
      journal        = "Phys. Rev.",
      volume         = "D74",
      year           = "2006",
      pages          = "104017",
      doi            = "10.1103/PhysRevD.74.104017",
      eprint         = "astro-ph/0610734",
      archivePrefix  = "arXiv",
      primaryClass   = "astro-ph",
      SLACcitation   = "%%CITATION = ASTRO-PH/0610734;%%"
}

@article{NoO2003,
      author         = "Nojiri, Shin'ichi and Odintsov, Sergei D.",
      title          = "{Modified gravity with negative and positive powers of
                        the curvature: Unification of the inflation and of the
                        cosmic acceleration}",
      journal        = "Phys. Rev.",
      volume         = "D68",
      year           = "2003",
      pages          = "123512",
      doi            = "10.1103/PhysRevD.68.123512",
      eprint         = "hep-th/0307288",
      archivePrefix  = "arXiv",
      primaryClass   = "hep-th",
      SLACcitation   = "%%CITATION = HEP-TH/0307288;%%"
}

@article{CDLF2010,
      author         = "Capozziello, Salvatore and De Laurentis, Mariafelicia and
                        Faraoni, Valerio",
      title          = "{A Bird's eye view of f(R)-gravity}",
      journal        = "Open Astron. J.",
      volume         = "3",
      year           = "2010",
      pages          = "49",
      doi            = "10.2174/1874381101003010049, 10.2174/1874381101003020049",
      eprint         = "0909.4672",
      archivePrefix  = "arXiv",
      primaryClass   = "gr-qc",
      SLACcitation   = "%%CITATION = ARXIV:0909.4672;%%"
}

@article{CENOSZ2008,
      author         = "Cognola, G. and Elizalde, E. and Nojiri, S. and Odintsov,
                        S. D. and Sebastiani, L. and Zerbini, S.",
      title          = "{A Class of viable modified f(R) gravities describing
                        inflation and the onset of accelerated expansion}",
      journal        = "Phys. Rev.",
      volume         = "D77",
      year           = "2008",
      pages          = "046009",
      doi            = "10.1103/PhysRevD.77.046009",
      eprint         = "0712.4017",
      archivePrefix  = "arXiv",
      primaryClass   = "hep-th",
      SLACcitation   = "%%CITATION = ARXIV:0712.4017;%%"
}

@article{NoO2007,
      author         = "Nojiri, Shin'ichi and Odintsov, Sergei D.",
      title          = "{Newton law corrections and instabilities in f(R) gravity
                        with the effective cosmological constant epoch}",
      journal        = "Phys. Lett.",
      volume         = "B652",
      year           = "2007",
      pages          = "343-348",
      doi            = "10.1016/j.physletb.2007.07.039",
      eprint         = "0706.1378",
      archivePrefix  = "arXiv",
      primaryClass   = "hep-th",
      SLACcitation   = "%%CITATION = ARXIV:0706.1378;%%"
}

@article{EKMaz2016,
      author         = "Edholm, James and Koshelev, Alexey S. and Mazumdar,
                        Anupam",
      title          = "{Behavior of the Newtonian potential for ghost-free
                        gravity and singularity-free gravity}",
      journal        = "Phys. Rev.",
      volume         = "D94",
      year           = "2016",
      number         = "10",
      pages          = "104033",
      doi            = "10.1103/PhysRevD.94.104033",
      eprint         = "1604.01989",
      archivePrefix  = "arXiv",
      primaryClass   = "gr-qc",
      SLACcitation   = "%%CITATION = ARXIV:1604.01989;%%"
}
@article{KeMa2014,
      author         = "Kehagias, Alex and Maggiore, Michele",
      title          = "{Spherically symmetric static solutions in a nonlocal
                        infrared modification of General Relativity}",
      journal        = "JHEP",
      volume         = "08",
      year           = "2014",
      pages          = "029",
      doi            = "10.1007/JHEP08(2014)029",
      eprint         = "1401.8289",
      archivePrefix  = "arXiv",
      primaryClass   = "hep-th",
      SLACcitation   = "%%CITATION = ARXIV:1401.8289;%%"
}

@article{FroZ2016,
      author         = "Frolov, Valeri P. and Zelnikov, Andrei",
      title          = "{Head-on collision of ultrarelativistic particles in
                        ghost-free theories of gravity}",
      journal        = "Phys. Rev.",
      volume         = "D93",
      year           = "2016",
      number         = "6",
      pages          = "064048",
      doi            = "10.1103/PhysRevD.93.064048",
      eprint         = "1509.03336",
      archivePrefix  = "arXiv",
      primaryClass   = "hep-th",
      reportNumber   = "ALBERTA-THY-15-15",
      SLACcitation   = "%%CITATION = ARXIV:1509.03336;%%"
}



@article{Mann97,
      author         = "Mann, Robert B.",
      title          = "{Black holes of negative mass}",
      journal        = "Class. Quant. Grav.",
      volume         = "14",
      year           = "1997",
      pages          = "2927-2930",
      doi            = "10.1088/0264-9381/14/10/018",
      eprint         = "gr-qc/9705007",
      archivePrefix  = "arXiv",
      primaryClass   = "gr-qc",
      reportNumber   = "WATPHYS-TH-97-03",
      SLACcitation   = "%%CITATION = GR-QC/9705007;%%"
}

@article{MTY88,
      author         = "Morris, M. S. and Thorne, K. S. and Yurtsever, U.",
      title          = "{Wormholes, Time Machines, and the Weak Energy
                        Condition}",
      journal        = "Phys. Rev. Lett.",
      volume         = "61",
      year           = "1988",
      pages          = "1446-1449",
      doi            = "10.1103/PhysRevLett.61.1446",
      SLACcitation   = "%%CITATION = PRLTA,61,1446;%%"
}



@article{GrM87,
      author         = "Gross, David J. and Mende, Paul F.",
      title          = "{The High-Energy Behavior of String Scattering
                        Amplitudes}",
      journal        = "Phys. Lett.",
      volume         = "B197",
      year           = "1987",
      pages          = "129-134",
      doi            = "10.1016/0370-2693(87)90355-8",
      reportNumber   = "PUPT-1062",
      SLACcitation   = "%%CITATION = PHLTA,B197,129;%%"
}

@article{ACV90,
      author         = "Amati, D. and Ciafaloni, M. and Veneziano, G.",
      title          = "{Higher Order Gravitational Deflection and Soft
                        Bremsstrahlung in Planckian Energy Superstring
                        Collisions}",
      journal        = "Nucl. Phys.",
      volume         = "B347",
      year           = "1990",
      pages          = "550-580",
      doi            = "10.1016/0550-3213(90)90375-N",
      reportNumber   = "CERN-TH-5636-90",
      SLACcitation   = "%%CITATION = NUPHA,B347,550;%%"
}

@article{ACV88,
      author         = "Amati, D. and Ciafaloni, M. and Veneziano, G.",
      title          = "{Classical and Quantum Gravity Effects from Planckian
                        Energy Superstring Collisions}",
      journal        = "Int. J. Mod. Phys.",
      volume         = "A3",
      year           = "1988",
      pages          = "1615-1661",
      doi            = "10.1142/S0217751X88000710",
      reportNumber   = "CERN-TH-4886/87",
      SLACcitation   = "%%CITATION = IMPAE,A3,1615;%%"
}


@article{ACV87,
      author         = "Amati, D. and Ciafaloni, M. and Veneziano, G.",
      title          = "{Superstring Collisions at Planckian Energies}",
      journal        = "Phys. Lett.",
      volume         = "B197",
      year           = "1987",
      pages          = "81",
      doi            = "10.1016/0370-2693(87)90346-7",
      reportNumber   = "CERN-TH-4782/87",
      SLACcitation   = "%%CITATION = PHLTA,B197,81;%%"
}

@article{HaH02,
      author         = "Hawking, S. W. and Hertog, Thomas",
      title          = "{Living with ghosts}",
      journal        = "Phys. Rev.",
      volume         = "D65",
      year           = "2002",
      pages          = "103515",
      doi            = "10.1103/PhysRevD.65.103515",
      eprint         = "hep-th/0107088",
      archivePrefix  = "arXiv",
      primaryClass   = "hep-th",
      SLACcitation   = "%%CITATION = HEP-TH/0107088;%%"
}

@article{NSW19,
      author         = "Nicolini, Piero and Spallucci, Euro and Wondrak, Michael
                        F.",
      title          = "{Quantum Corrected Black Holes from String T-Duality}",
      year           = "2019",
      eprint         = "1902.11242",
      archivePrefix  = "arXiv",
      primaryClass   = "gr-qc",
      SLACcitation   = "%%CITATION = ARXIV:1902.11242;%%"
}


@article{FIU89,
      author         = "Frolov, Valeri P. and Israel, W. and Unruh, W. G.",
      title          = "{Gravitational Fields of Straight and Circular Cosmic
                        Strings: Relation Between Gravitational Mass, Angular
                        Deficit, and Internal Structure}",
      journal        = "Phys. Rev.",
      volume         = "D39",
      year           = "1989",
      pages          = "1084-1096",
      doi            = "10.1103/PhysRevD.39.1084",
      SLACcitation   = "%%CITATION = PHRVA,D39,1084;%%"
}

@article{BaV89,
      author         = "Barriola, Manuel and Vilenkin, Alexander",
      title          = "{Gravitational Field of a Global Monopole}",
      journal        = "Phys. Rev. Lett.",
      volume         = "63",
      year           = "1989",
      pages          = "341",
      doi            = "10.1103/PhysRevLett.63.341",
      reportNumber   = "TUTP-89-4",
      SLACcitation   = "%%CITATION = PRLTA,63,341;%%"
}


@article{western,
      author         = "'t Hooft, Gerard and Giddings, Steven B. and Rovelli,
                        Carlo and Nicolini, Piero and Mureika, Jonas and Kaminski,
                        Matthias and Bleicher, Marcus",
      title          = "{Panel Discussion, “The Duel”: The Good, the Bad, and
                        the Ugly of Gravity and Information}",
      booktitle      = "{Proceedings, 2nd Karl Schwarzschild Meeting on
                        Gravitational Physics (KSM 2015): Frankfurt am Main,
                        Germany, July 20-24, 2015}",
      journal        = "Springer Proc. Phys.",
      volume         = "208",
      year           = "2018",
      pages          = "13-35",
      doi            = "10.1007/978-3-319-94256-8_2",
      eprint         = "1609.01725",
      archivePrefix  = "arXiv",
      primaryClass   = "hep-th",
      SLACcitation   = "%%CITATION = ARXIV:1609.01725;%%"
}

@article{LaC18,
      author         = "Lake, Matthew J. and Carr, Bernard",
      title          = "{Does Compton/Schwarzschild duality in higher dimensions
                        exclude TeV quantum gravity?}",
      year           = "2018",
      doi            = "10.1142/S021827181930001",
      eprint         = "1808.08386",
      archivePrefix  = "arXiv",
      primaryClass   = "gr-qc",
      SLACcitation   = "%%CITATION = ARXIV:1808.08386;%%"
}


@article{Carr:2017grh,
      author         = "Carrr, B. J.",
      title          = "{Quantum Black Holes as the Link Between Microphysics and
                        Macrophysics}",
      booktitle      = "{Proceedings, 2nd Karl Schwarzschild Meeting on
                        Gravitational Physics (KSM 2015): Frankfurt am Main,
                        Germany, July 20-24, 2015}",
      journal        = "Springer Proc. Phys.",
      volume         = "208",
      year           = "2018",
      pages          = "85-94",
      doi            = "10.1007/978-3-319-94256-8_9",
      eprint         = "1703.08655",
      archivePrefix  = "arXiv",
      primaryClass   = "gr-qc",
      SLACcitation   = "%%CITATION = ARXIV:1703.08655;%%"
}


@incollection{WNB18,
      author         = "Wondrak, Michael Florian and Bleicher, Marcus and
                        Nicolini, Piero",
      title          = "{Black Holes and High Energy Physics: From Astrophysics
                        to Large Extra Dimensions}",
      year           = "2018",
      pages          = "359-373",
      doi            = "10.1142/9789813234284_0024",
      eprint         = "1708.06763",
      archivePrefix  = "arXiv",
      primaryClass   = "gr-qc",
      SLACcitation   = "%%CITATION = ARXIV:1708.06763;%%"
}

@article{WNB17,
      author         = "Wondrak, Michael F. and Nicolini, Piero and Bleicher,
                        Marcus",
      title          = "{Planck scale black holes - Theory vs. observations}",
      booktitle      = "{Proceedings, Frontier Research in Astrophysics - II:
                        Mondello, Palermo, Italy, May 23-28, 2016}",
      journal        = "PoS",
      volume         = "FRAPWS2016",
      year           = "2017",
      pages          = "082",
      doi            = "10.22323/1.269.0082",
      eprint         = "1612.08415",
      archivePrefix  = "arXiv",
      primaryClass   = "hep-ph",
      SLACcitation   = "%%CITATION = ARXIV:1612.08415;%%"
}
@article{CDRN18,
      author         = "Casadio, Roberto and Nicolini, Piero and da Rocha,
                        Roldao",
      title          = "{Generalised uncertainty principle Hawking fermions from
                        minimally geometric deformed black holes}",
      journal        = "Class. Quant. Grav.",
      volume         = "35",
      year           = "2018",
      number         = "18",
      pages          = "185001",
      doi            = "10.1088/1361-6382/aad664",
      eprint         = "1709.09704",
      archivePrefix  = "arXiv",
      primaryClass   = "hep-th",
      SLACcitation   = "%%CITATION = ARXIV:1709.09704;%%"
}
@article{Dva17,
      author         = "Dvali, Gia",
      title          = "{Strong Coupling and Classicalization}",
      booktitle      = "{Proceedings, 53rd International School of Subnuclear
                        Physics: The Future of our Physics Including New Frontiers
                        (ISSP 2015): Erice, Italy, June 24-July 3, 2015}",
      journal        = "Subnucl. Ser.",
      volume         = "53",
      year           = "2017",
      pages          = "189-200",
      doi            = "10.1142/9789813208292_0005",
      eprint         = "1607.07422",
      archivePrefix  = "arXiv",
      primaryClass   = "hep-th",
      SLACcitation   = "%%CITATION = ARXIV:1607.07422;%%"
}
@article{Nic2018,
      author         = "Nicolini, Piero",
      title          = "{Planckian charged black holes in ultraviolet
                        self-complete quantum gravity}",
      journal        = "Phys. Lett.",
      volume         = "B778",
      year           = "2018",
      pages          = "88-93",
      doi            = "10.1016/j.physletb.2018.01.013",
      eprint         = "1712.05062",
      archivePrefix  = "arXiv",
      primaryClass   = "gr-qc",
      SLACcitation   = "%%CITATION = ARXIV:1712.05062;%%"
}


@article{ToN18,
      author         = "Gallego Torromé, Ricardo and Nicolini, Piero",
      title          = "{Theories with maximal acceleration}",
      journal        = "Int. J. Mod. Phys.",
      volume         = "A33",
      year           = "2018",
      number         = "22",
      pages          = "1830019",
      doi            = "10.1142/S0217751X18300193",
      eprint         = "1805.07126",
      archivePrefix  = "arXiv",
      primaryClass   = "gr-qc",
      SLACcitation   = "%%CITATION = ARXIV:1805.07126;%%"
}

@BOOK{ams04,
  title = {\AmS-\LaTeX{} Version 2 User's Guide},
  publisher = {American Mathematical Society},
  year = {2004},
  author = {\AmS},
  address = {Providence},
  note = {\url{http://www.ams.org/tex/amslatex.html}.}
}

@ARTICLE{ATL15,
  author = {Aad, Georges and others},
  title = {{Search for new phenomena with photon+jet events in proton-proton
	collisions at $\sqrt{s} = 13$ TeV with the ATLAS detector}},
  year = {2015},
  note = {},
  archiveprefix = {arXiv},
  collaboration = {ATLAS},
  eprint = {1512.05910},
  primaryclass = {hep-ex},
  reportnumber = {CERN-PH-EP-2015-320},
  slaccitation = {%%CITATION = ARXIV:1512.05910;%%}
}

@ARTICLE{ATL13,
  author = {Aad, G. and others},
  title = {{ATLAS search for new phenomena in dijet mass and angular distributions
	using $pp$ collisions at $\sqrt{s}=7$ TeV}},
  journal = {JHEP},
  year = {2013},
  volume = {1301},
  pages = {029},
  note = {ATLAS Collaboration},
  archiveprefix = {arXiv},
  collaboration = {ATLAS Collaboration},
  doi = {10.1007/JHEP01(2013)029},
  eprint = {1210.1718},
  primaryclass = {hep-ex},
  reportnumber = {CERN-PH-EP-2012-257},
  slaccitation = {%%CITATION = ARXIV:1210.1718;%%}
}

@ARTICLE{ATLAS11,
  author = {Aad, Georges and others},
  title = {{Search for new phenomena with the monojet and missing transverse
	momentum signature using the ATLAS detector in sqrt(s) = 7 TeV proton-proton
	collisions}},
  journal = {Phys.Lett.},
  year = {2011},
  volume = {B705},
  pages = {294-312},
  note = {ATLAS Collaboration},
  archiveprefix = {arXiv},
  doi = {10.1016/j.physletb.2011.10.006},
  eprint = {1106.5327},
  primaryclass = {hep-ex},
  reportnumber = {CERN-PH-EP-2011-090},
  slaccitation = {%%CITATION = ARXIV:1106.5327;%%}
}

@ARTICLE{LIGO15,
  author = {Abbott, B. P. and others},
  title = {{Observation of Gravitational Waves from a Binary Black Hole Merger}},
  journal = {Phys. Rev. Lett.},
  year = {2016},
  volume = {116},
  pages = {061102},
  number = {6},
  archiveprefix = {arXiv},
  collaboration = {Virgo, LIGO Scientific},
  doi = {10.1103/PhysRevLett.116.061102},
  eprint = {1602.03837},
  primaryclass = {gr-qc},
  reportnumber = {LIGO-P150914},
  slaccitation = {%%CITATION = ARXIV:1602.03837;%%}
}

@ARTICLE{AbW81,
  author = {Abbott, L.F. and Wise, Mark B.},
  title = {{The dimension of a quantum mechanical path}},
  journal = {Am.J.Phys.},
  year = {1981},
  volume = {49},
  pages = {37-39},
  doi = {10.1119/1.12657},
  reportnumber = {SLAC-PUB-2427},
  slaccitation = {%%CITATION = AJPIA,49,37;%%}
}

@INBOOK{AbS65,
  pages = {948},
  title = {Handbook of mathematical functions with formulas, graphs, and mathematical
	tables},
  publisher = {Dover},
  year = {1965},
  author = {Abramowitz, M. and Stegun (eds.), I. A.},
  volume = .,
  type = {Section},
  address = {New York},
  month = .
}

@ARTICLE{AGH09,
  author = {Adelberger, E.G. and Gundlach, J.H. and Heckel, B.R. and Hoedl, S.
	and Schlamminger, S.},
  title = {{Torsion balance experiments: a low-energy frontier of particle physics}},
  journal = {Prog. Part. Nucl. Phys.},
  year = {2009},
  volume = {62},
  pages = {102-134},
  doi = {10.1016/j.ppnp.2008.08.002},
  slaccitation = {%%CITATION = PPNPD,62,102;%%}
}

@ARTICLE{Adl10,
  author = {Adler, R. J.},
  title = {{Six easy roads to the Planck scale}},
  journal = {Am.J.Phys.},
  year = {2010},
  volume = {78},
  pages = {925-932},
  note = {},
  archiveprefix = {arXiv},
  doi = {10.1119/1.3439650},
  eprint = {1001.1205},
  primaryclass = {gr-qc},
  slaccitation = {%%CITATION = ARXIV:1001.1205;%%}
}

@ARTICLE{APS01,
  author = {Adler, R. J. and Chen, P. and Santiago, D. I.},
  title = {{The generalized uncertainty principle and black hole remnants}},
  journal = {Gen.Rel.Grav.},
  year = {2001},
  volume = {33},
  pages = {2101-2108},
  note = {},
  archiveprefix = {arXiv},
  doi = {10.1023/A:1015281430411},
  eprint = {gr-qc/0106080},
  primaryclass = {gr-qc},
  reportnumber = {SLAC-PUB-8853},
  slaccitation = {%%CITATION = GR-QC/0106080;%%}
}

@ARTICLE{AdS99,
  author = {Adler, Ronald J. and Santiago, David I.},
  title = {{On gravity and the uncertainty principle}},
  journal = {Mod. Phys. Lett.},
  year = {1999},
  volume = {A14},
  pages = {1371},
  archiveprefix = {arXiv},
  doi = {10.1142/S0217732399001462},
  eprint = {gr-qc/9904026},
  primaryclass = {gr-qc},
  slaccitation = {%%CITATION = GR-QC/9904026;%%}
}

@ARTICLE{AGM00,
  author = {Aharony, Ofer and Gubser, Steven S. and Maldacena, Juan Martin and
	Ooguri, Hirosi and Oz, Yaron},
  title = {{Large N field theories, string theory and gravity}},
  journal = {Phys.Rept.},
  year = {2000},
  volume = {323},
  pages = {183-386},
  archiveprefix = {arXiv},
  doi = {10.1016/S0370-1573(99)00083-6},
  eprint = {hep-th/9905111},
  primaryclass = {hep-th},
  reportnumber = {CERN-TH-99-122, HUTP-99-A027, LBNL-43113, RU-99-18, UCB-PTH-99-16,
	LBL-43113},
  slaccitation = {%%CITATION = HEP-TH/9905111;%%}
}

@ARTICLE{AkS07,
  author = {Akhmedov, E. T. and Singleton, D.},
  title = {{On the relation between Unruh and Sokolov-Ternov effects}},
  journal = {Int.J.Mod.Phys.},
  year = {2007},
  volume = {A22},
  pages = {4797-4823},
  archiveprefix = {arXiv},
  doi = {10.1142/S0217751X07037081},
  eprint = {hep-ph/0610391},
  primaryclass = {hep-ph},
  reportnumber = {ITEP-TH-49-06},
  slaccitation = {%%CITATION = HEP-PH/0610391;%%}
}

@ARTICLE{ABM03,
  author = {Alexander, S. and Brandenberger, R. and Magueijo, J.},
  title = {{Noncommutative inflation}},
  journal = {Phys.Rev.},
  year = {2003},
  volume = {D67},
  pages = {081301},
  archiveprefix = {arXiv},
  doi = {10.1103/PhysRevD.67.081301},
  eprint = {hep-th/0108190},
  primaryclass = {hep-th},
  slaccitation = {%%CITATION = HEP-TH/0108190;%%}
}

@ARTICLE{AFY08,
  author = {Alexander, S. and Finn, L. S. and Yunes, N.},
  title = {{A Gravitational-wave probe of effective quantum gravity}},
  journal = {Phys.Rev.},
  year = {2008},
  volume = {D78},
  pages = {066005},
  archiveprefix = {arXiv},
  doi = {10.1103/PhysRevD.78.066005},
  eprint = {0712.2542},
  primaryclass = {gr-qc},
  reportnumber = {IGC-07-12-2},
  slaccitation = {%%CITATION = ARXIV:0712.2542;%%}
}

@ARTICLE{AMM12,
  author = {Alexander, S. and Marciano, A. and Modesto, L.},
  title = {{The Hidden Quantum Groups Symmetry of Super-renormalizable Gravity}},
  journal = {Phys.Rev.},
  year = {2012},
  volume = {D85},
  pages = {124030},
  archiveprefix = {arXiv},
  doi = {10.1103/PhysRevD.85.124030},
  eprint = {1202.1824},
  primaryclass = {hep-th},
  slaccitation = {%%CITATION = ARXIV:1202.1824;%%}
}

@ARTICLE{AFH02,
  author = {Alvarez-Muniz, Jaime and Feng, Jonathan L. and Halzen, Francis and
	Han, Tao and Hooper, Dan},
  title = {{Detecting microscopic black holes with neutrino telescopes}},
  journal = {Phys. Rev.},
  year = {2002},
  volume = {D65},
  pages = {124015},
  note = {},
  archiveprefix = {arXiv},
  doi = {10.1103/PhysRevD.65.124015},
  eprint = {hep-ph/0202081},
  primaryclass = {hep-ph},
  reportnumber = {MIT-CTP-3221, UCI-TR-2001-43, MADPH-02-1255},
  slaccitation = {%%CITATION = HEP-PH/0202081;%%}
}

@ARTICLE{ACV93,
  author = {Amati, D. and Ciafaloni, M. and Veneziano, G.},
  title = {{Effective action and all order gravitational eikonal at Planckian
	energies}},
  journal = {Nucl. Phys.},
  year = {1993},
  volume = {B403},
  pages = {707-724},
  doi = {10.1016/0550-3213(93)90367-X},
  reportnumber = {CERN-TH-6791-93, SISSA-11-93-EP},
  slaccitation = {%%CITATION = NUPHA,B403,707;%%}
}

@ARTICLE{ACV89,
  author = {Amati, D. and Ciafaloni, M. and Veneziano, G.},
  title = {{Can Space-Time Be Probed Below the String Size?}},
  journal = {Phys.Lett.},
  year = {1989},
  volume = {B216},
  pages = {41},
  doi = {10.1016/0370-2693(89)91366-X},
  reportnumber = {CERN-TH-5207-88, SISSA-121-88-EP},
  slaccitation = {%%CITATION = PHLTA,B216,41;%%}
}

@ARTICLE{AJL05,
  author = {Ambjorn, J. and Jurkiewicz, J. and Loll, R.},
  title = {{Spectral dimension of the universe}},
  journal = {Phys.Rev.Lett.},
  year = {2005},
  volume = {95},
  pages = {171301},
  archiveprefix = {arXiv},
  doi = {10.1103/PhysRevLett.95.171301},
  eprint = {hep-th/0505113},
  primaryclass = {hep-th},
  reportnumber = {SPIN-05-05, ITP-UU-05-07},
  slaccitation = {%%CITATION = HEP-TH/0505113;%%}
}

@ARTICLE{Ame00,
  author = {Amelino-Camelia, G.},
  title = {{Are we at the dawn of quantum gravity phenomenology?}},
  journal = {Lect.Notes Phys.},
  year = {2000},
  volume = {541},
  pages = {1-49},
  archiveprefix = {arXiv},
  eprint = {gr-qc/9910089},
  primaryclass = {gr-qc},
  reportnumber = {CERN-TH-99-223},
  slaccitation = {%%CITATION = GR-QC/9910089;%%}
}

@ARTICLE{AAL06,
  author = {Amelino-Camelia, G. and Arzano, M. and Ling, Y. and Mandanici, G.},
  title = {{Black-hole thermodynamics with modified dispersion relations and
	generalized uncertainty principles}},
  journal = {Class.Quant.Grav.},
  year = {2006},
  volume = {23},
  pages = {2585-2606},
  archiveprefix = {arXiv},
  doi = {10.1088/0264-9381/23/7/022},
  eprint = {gr-qc/0506110},
  primaryclass = {gr-qc},
  slaccitation = {%%CITATION = GR-QC/0506110;%%}
}

@ARTICLE{AEM98,
  author = {Amelino-Camelia, G. and Ellis, J. R. and Mavromatos, N.E. and Nanopoulos,
	D. V. and Sarkar, S.},
  title = {{Tests of quantum gravity from observations of gamma-ray bursts}},
  journal = {Nature},
  year = {1998},
  volume = {393},
  pages = {763-765},
  archiveprefix = {arXiv},
  doi = {10.1038/31647},
  eprint = {astro-ph/9712103},
  primaryclass = {astro-ph},
  reportnumber = {ACT-18-97, CTP-TAMU-49-97, OUTP-97-73-P, NEIP-97-013},
  slaccitation = {%%CITATION = ASTRO-PH/9712103;%%}
}

@ARTICLE{Ans08,
  author = {Ansoldi, S.},
  title = {{Spherical black holes with regular center: A Review of existing
	models including a recent realization with Gaussian sources}},
  year = {2008},
  archiveprefix = {arXiv},
  eprint = {0802.0330},
  primaryclass = {gr-qc},
  reportnumber = {KUNS-2108},
  slaccitation = {%%CITATION = ARXIV:0802.0330;%%}
}

@ARTICLE{AnS99,
  author = {Ansoldi, Stefano and Aurilia, Antonio and Spallucci, Euro},
  title = {{Loop quantum mechanics and the fractal structure of quantum space-time}},
  journal = {Chaos Solitons Fractals},
  year = {1999},
  volume = {10},
  pages = {197},
  archiveprefix = {arXiv},
  doi = {10.1016/S0960-0779(98)00115-5},
  eprint = {hep-th/9803229},
  primaryclass = {hep-th},
  slaccitation = {%%CITATION = HEP-TH/9803229;%%}
}

@ARTICLE{AAS97,
  author = {Ansoldi, S. and Aurilia, Antonio and Spallucci, E.},
  title = {{Hausdorff dimension of a quantum string}},
  journal = {Phys.Rev.},
  year = {1997},
  volume = {D56},
  pages = {2352-2361},
  archiveprefix = {arXiv},
  doi = {10.1103/PhysRevD.56.2352},
  eprint = {hep-th/9705010},
  primaryclass = {hep-th},
  slaccitation = {%%CITATION = HEP-TH/9705010;%%}
}

@ARTICLE{ANS07,
  author = {Ansoldi, S. and Nicolini, P. and Smailagic, A. and Spallucci, E.},
  title = {{Noncommutative geometry inspired charged black holes}},
  journal = {Phys. Lett.},
  year = {2007},
  volume = {B645},
  pages = {261-266},
  note = {},
  archiveprefix = {arXiv},
  doi = {10.1016/j.physletb.2006.12.020},
  eprint = {gr-qc/0612035},
  slaccitation = {%%CITATION = GR-QC/0612035;%%}
}

@ARTICLE{AAD98,
  author = {Antoniadis, I. and Arkani-Hamed, N. and Dimopoulos, S. and Dvali,
	G.R.},
  title = {{New dimensions at a millimeter to a Fermi and superstrings at a
	TeV}},
  journal = {Phys.Lett.},
  year = {1998},
  volume = {B436},
  pages = {257-263},
  note = {},
  archiveprefix = {arXiv},
  doi = {10.1016/S0370-2693(98)00860-0},
  eprint = {hep-ph/9804398},
  primaryclass = {hep-ph},
  reportnumber = {SLAC-PUB-7801, SU-ITP-98-28, CPTH-S608-0498, IC-98-39},
  slaccitation = {%%CITATION = HEP-PH/9804398;%%}
}

@ARTICLE{ACD01,
  author = {Appelquist, Thomas and Cheng, Hsin-Chia and Dobrescu, Bogdan A.},
  title = {{Bounds on universal extra dimensions}},
  journal = {Phys. Rev.},
  year = {2001},
  volume = {D64},
  pages = {035002},
  note = {},
  archiveprefix = {arXiv},
  doi = {10.1103/PhysRevD.64.035002},
  eprint = {hep-ph/0012100},
  primaryclass = {hep-ph},
  reportnumber = {YCTP-P12-00, EFI-2000-48, EFI--2000-48},
  slaccitation = {%%CITATION = HEP-PH/0012100;%%}
}

@ARTICLE{AJ05,
  author = {Aref'eva, I. Ya. and Joukovskaya, L. V.},
  title = {{Time lumps in nonlocal stringy models and cosmological applications}},
  journal = {JHEP},
  year = {2005},
  volume = {10},
  pages = {087},
  archiveprefix = {arXiv},
  doi = {10.1088/1126-6708/2005/10/087},
  eprint = {hep-th/0504200},
  slaccitation = {%%CITATION = HEP-TH/0504200;%%}
}

@ARTICLE{ADM98,
  author = {Argyres, Philip C. and Dimopoulos, Savas and March-Russell, John},
  title = {{Black holes and submillimeter dimensions}},
  journal = {Phys. Lett.},
  year = {1998},
  volume = {B441},
  pages = {96-104},
  note = {},
  archiveprefix = {arXiv},
  doi = {10.1016/S0370-2693(98)01184-8},
  eprint = {hep-th/9808138},
  primaryclass = {hep-th},
  reportnumber = {CLNS-98-1577, SU-ITP-98-53, CERN-TH-98-267},
  slaccitation = {%%CITATION = HEP-TH/9808138;%%}
}

@ARTICLE{ADD99,
  author = {Arkani-Hamed, N. and Dimopoulos, S. and Dvali, G.R.},
  title = {{Phenomenology, astrophysics and cosmology of theories with submillimeter
	dimensions and TeV scale quantum gravity}},
  journal = {Phys.Rev.},
  year = {1999},
  volume = {D59},
  pages = {086004},
  note = {},
  archiveprefix = {arXiv},
  doi = {10.1103/PhysRevD.59.086004},
  eprint = {hep-ph/9807344},
  primaryclass = {hep-ph},
  reportnumber = {SLAC-PUB-7864, SU-ITP-98-142, IC-98-44},
  slaccitation = {%%CITATION = HEP-PH/9807344;%%}
}

@ARTICLE{ADD98,
  author = {Arkani-Hamed, N. and Dimopoulos, S. and Dvali, G.R.},
  title = {{The Hierarchy problem and new dimensions at a millimeter}},
  journal = {Phys.Lett.},
  year = {1998},
  volume = {B429},
  pages = {263-272},
  note = {},
  archiveprefix = {arXiv},
  doi = {10.1016/S0370-2693(98)00466-3},
  eprint = {hep-ph/9803315},
  primaryclass = {hep-ph},
  reportnumber = {SLAC-PUB-7769, SU-ITP-98-13},
  slaccitation = {%%CITATION = HEP-PH/9803315;%%}
}

@ARTICLE{ADD02,
  author = {Arkani-Hamed, N. and Dimopoulos, S. and Dvali, G. and Gabadadze,
	G.},
  title = {{Non-local modification of gravity and the cosmological constant
	problem}},
  year = {2002},
  archiveprefix = {arXiv},
  eprint = {hep-th/0209227},
  slaccitation = {%%CITATION = HEP-TH/0209227;%%}
}

@ARTICLE{AFW03,
  author = {Ashtekar, A. and Fairhurst, S. and Willis, J. L.},
  title = {{Quantum gravity, shadow states, and quantum mechanics}},
  journal = {Class.Quant.Grav.},
  year = {2003},
  volume = {20},
  pages = {1031-1062},
  archiveprefix = {arXiv},
  doi = {10.1088/0264-9381/20/6/302},
  eprint = {gr-qc/0207106},
  primaryclass = {gr-qc},
  reportnumber = {CGPG-02-7-2},
  slaccitation = {%%CITATION = GR-QC/0207106;%%}
}

@ARTICLE{AuS13,
  author = {Aurilia, A. and Spallucci, E.},
  title = {{Planck's uncertainty principle and the saturation of Lorentz boosts
	by Planckian black holes}},
  year = {2013},
  note = {},
  archiveprefix = {arXiv},
  eprint = {1309.7186},
  primaryclass = {gr-qc},
  slaccitation = {%%CITATION = ARXIV:1309.7186;%%}
}

@ARTICLE{AAS02,
  author = {Aurilia, Antonio and Ansoldi, Stefano and Spallucci, Euro},
  title = {{Fuzzy dimensions and Planck's uncertainty principle for p branes}},
  journal = {Class.Quant.Grav.},
  year = {2002},
  volume = {19},
  pages = {3207-3216},
  archiveprefix = {arXiv},
  doi = {10.1088/0264-9381/19/12/307},
  eprint = {hep-th/0205028},
  primaryclass = {hep-th},
  slaccitation = {%%CITATION = HEP-TH/0205028;%%}
}

@ARTICLE{AuS13b,
  author = {Aurilia, Antonio and Spallucci, Euro},
  title = {{Why the length of a quantum string cannot be Lorentz contracted}},
  journal = {Adv. High Energy Phys.},
  year = {2013},
  volume = {2013},
  pages = {531696},
  note = {},
  archiveprefix = {arXiv},
  doi = {10.1155/2013/531696},
  eprint = {1309.7741},
  primaryclass = {hep-th},
  slaccitation = {%%CITATION = ARXIV:1309.7741;%%}
}

@UNPUBLISHED{AuS04,
  author = {Aurilia, Antonio and Spallucci, Euro},
  title = {{Planck's uncertainty principle and the saturation of Lorentz boosts
	by Planckian black holes}},
  note = {\url{http://www.csupomona.edu/~aaurilia/planck.html}},
  year = {2004}
}

@ARTICLE{ADG16,
  author = {Averin, Artem and Dvali, Gia and Gomez, Cesar and Lust, Dieter},
  title = {{Gravitational Black Hole Hair from Event Horizon Supertranslations}},
  year = {2016},
  note = {},
  archiveprefix = {arXiv},
  eprint = {1601.03725},
  primaryclass = {hep-th},
  reportnumber = {LMU--ASC-05-16, MPP--2016--3},
  slaccitation = {%%CITATION = ARXIV:1601.03725;%%}
}

@INBOOK{bake72,
  pages = {157--166},
  title = {Seismic {V}elocity {A}nisotropy {C}alculated for {U}ltramafic {M}inerals
	and {A}ggregates},
  publisher = {Am. Geophys. Union},
  year = {1972},
  editor = {H. C. Heard and I. V. Borg and N. L. Carter and C. B. Raleigh},
  author = {D. W. Baker and N. L. Carter},
  volume = {16},
  series = {Geophys. Mono.},
  booktitle = {Flow and {F}racture of {R}ocks}
}

@ARTICLE{BaN94,
  author = {Balasin, Herbert and Nachbagauer, Herbert},
  title = {{Distributional energy momentum tensor of the Kerr-Newman space-time
	family}},
  journal = {Class.Quant.Grav.},
  year = {1994},
  volume = {11},
  pages = {1453-1462},
  archiveprefix = {arXiv},
  doi = {10.1088/0264-9381/11/6/010},
  eprint = {gr-qc/9312028},
  primaryclass = {gr-qc},
  reportnumber = {ENSLAPP-A-453-93, TUW-93-28},
  slaccitation = {%%CITATION = GR-QC/9312028;%%}
}

@ARTICLE{BaN93,
  author = {Balasin, H. and Nachbagauer, H.},
  title = {{The energy-momentum tensor of a black hole, or what curves the Schwarzschild
	geometry? }},
  journal = {Class. Quant. Grav.},
  year = {1993},
  volume = {10},
  pages = {2271},
  archiveprefix = {arXiv},
  doi = {10.1088/0264-9381/10/11/010},
  eprint = {gr-qc/9305009},
  slaccitation = {%%CITATION = GR-QC/9312028;%%}
}

@ARTICLE{BaB88,
  author = {Balbinot, R. and Barletta, A.},
  title = {{Switching off black hole evaporation?}},
  journal = {Class. Quant. Grav.},
  year = {1988},
  volume = {5},
  pages = {L11-L13},
  doi = {10.1088/0264-9381/5/1/004},
  slaccitation = {%%CITATION = CQGRD,5,L11;%%}
}

@ARTICLE{BFF01,
  author = {Balbinot, R. and Fabbri, A. and Frolov, V. P. and Nicolini, P. and
	Sutton, P. and Zelnikov A.},
  title = {{Vacuum polarization in the Schwarzschild space-time and dimensional
	reduction}},
  journal = {Phys.Rev.},
  year = {2001},
  volume = {D63},
  pages = {084029},
  archiveprefix = {arXiv},
  doi = {10.1103/PhysRevD.63.084029},
  eprint = {hep-th/0012048},
  primaryclass = {hep-th},
  slaccitation = {%%CITATION = HEP-TH/0012048;%%}
}

@ARTICLE{BFN02,
  author = {Balbinot, R. and Fabbri, A. and Nicolini, P. and Sutton, P. J.},
  title = {{Vacuum polarization in two-dimensional static space-times and dimensional
	reduction}},
  journal = {Phys.Rev.},
  year = {2002},
  volume = {D66},
  pages = {024014},
  archiveprefix = {arXiv},
  doi = {10.1103/PhysRevD.66.024014},
  eprint = {hep-th/0202036},
  primaryclass = {hep-th},
  reportnumber = {CGWP-02-2-1, CGPG-02-2-1},
  slaccitation = {%%CITATION = HEP-TH/0202036;%%}
}

@ARTICLE{BCM12,
  author = {Bambi, Cosimo and Caravelli, Francesco and Modesto, Leonardo},
  title = {{Direct imaging rapidly-rotating non-Kerr black holes}},
  journal = {Phys.Lett.},
  year = {2012},
  volume = {B711},
  pages = {10-14},
  archiveprefix = {arXiv},
  eprint = {1110.2768},
  primaryclass = {gr-qc},
  slaccitation = {%%CITATION = ARXIV:1110.2768;%%}
}

@ARTICLE{BTZ92,
  author = {Banados, Maximo and Teitelboim, Claudio and Zanelli, Jorge},
  title = {{The Black hole in three-dimensional space-time}},
  journal = {Phys.Rev.Lett.},
  year = {1992},
  volume = {69},
  pages = {1849-1851},
  archiveprefix = {arXiv},
  doi = {10.1103/PhysRevLett.69.1849},
  eprint = {hep-th/9204099},
  primaryclass = {hep-th},
  reportnumber = {PRINT-92-0151 (CHILE), IASSNS-HEP-92-29},
  slaccitation = {%%CITATION = HEP-TH/9204099;%%}
}

@ARTICLE{BGM10,
  author = {Banerjee, R. and Gangopadhyay, S. and Modak, S. Kumar},
  title = {{Voros product, noncommutative Schwarzschild black hole and corrected
	area law}},
  journal = {Phys. Lett.},
  year = {2010},
  volume = {B686},
  pages = {181-187},
  archiveprefix = {arXiv},
  doi = {10.1016/j.physletb.2010.02.034},
  eprint = {arXiv:0911.2123},
  primaryclass = {hep-th},
  slaccitation = {%%CITATION = 0911.2123;%%}
}

@ARTICLE{BMS08,
  author = {Banerjee, R. and Majhi, B. R. and Samanta, S.},
  title = {{Noncommutative black hole thermodynamics}},
  journal = {Phys. Rev.},
  year = {2008},
  volume = {D77},
  pages = {124035},
  archiveprefix = {arXiv},
  doi = {10.1103/PhysRevD.77.124035},
  eprint = {0801.3583},
  primaryclass = {hep-th},
  slaccitation = {%%CITATION = 0801.3583;%%}
}

@ARTICLE{Ban03,
  author = {Banks, T.},
  title = {{A Critique of pure string theory: Heterodox opinions of diverse
	dimensions}},
  year = {2003},
  note = {},
  archiveprefix = {arXiv},
  eprint = {hep-th/0306074},
  primaryclass = {hep-th},
  reportnumber = {SCIPP-03-06, RUNHETC-2003-16},
  slaccitation = {%%CITATION = HEP-TH/0306074;%%}
}

@ARTICLE{BaF99,
  author = {Banks, Tom and Fischler, Willy},
  title = {{A Model for high-energy scattering in quantum gravity}},
  year = {1999},
  note = {},
  archiveprefix = {arXiv},
  eprint = {hep-th/9906038},
  primaryclass = {hep-th},
  reportnumber = {RU-99-23, UTTG-03-99},
  slaccitation = {%%CITATION = HEP-TH/9906038;%%}
}

@ARTICLE{BaN11,
  author = {Barbiellini, B. and Nicolini, P.},
  title = {{Enhancement of Compton Scattering by an Effective Coupling Constant}},
  journal = {Phys.Rev.},
  year = {2011},
  volume = {A84},
  pages = {022509},
  archiveprefix = {arXiv},
  doi = {10.1103/PhysRevA.84.022509},
  eprint = {1005.5496},
  primaryclass = {cond-mat.other},
  reportnumber = {0048391},
  slaccitation = {%%CITATION = ARXIV:1005.5496;%%}
}

@ARTICLE{BCH73,
  author = {Bardeen, J. M. and Carter, B. and Hawking, S. W.},
  title = {{The four laws of black hole mechanics}},
  journal = {Comm. Math. Phys.},
  year = {1973},
  volume = {31},
  pages = {161-170}
}

@ARTICLE{Bar12,
  author = {Barvinsky, A. O.},
  title = {{Dark energy and dark matter from nonlocal ghost-free gravity theory}},
  journal = {Phys. Lett.},
  year = {2012},
  volume = {B710},
  pages = {12-16},
  note = {},
  archiveprefix = {arXiv},
  doi = {10.1016/j.physletb.2012.02.075},
  eprint = {1107.1463},
  primaryclass = {hep-th},
  slaccitation = {%%CITATION = ARXIV:1107.1463;%%}
}

@ARTICLE{Bar05,
  author = {Barvinsky, A. O.},
  title = {{On covariant long-distance modifications of Einstein theory and
	strong coupling problem}},
  journal = {Phys. Rev.},
  year = {2005},
  volume = {D71},
  pages = {084007},
  note = {},
  archiveprefix = {arXiv},
  doi = {10.1103/PhysRevD.71.084007},
  eprint = {hep-th/0501093},
  primaryclass = {hep-th},
  slaccitation = {%%CITATION = HEP-TH/0501093;%%}
}

@ARTICLE{Bar03,
  author = {Barvinsky, A. O.},
  title = {{Nonlocal action for long distance modifications of gravity theory}},
  journal = {Phys. Lett.},
  year = {2003},
  volume = {B572},
  pages = {109-116},
  note = {},
  archiveprefix = {arXiv},
  doi = {10.1016/j.physletb.2003.08.055},
  eprint = {hep-th/0304229},
  primaryclass = {hep-th},
  slaccitation = {%%CITATION = HEP-TH/0304229;%%}
}

@ARTICLE{BaN10,
  author = {Batic, D. and Nicolini, P.},
  title = {{Fuzziness at the horizon}},
  journal = {Phys. Lett.},
  year = {2010},
  volume = {B692},
  pages = {32-35},
  archiveprefix = {arXiv},
  doi = {10.1016/j.physletb.2010.07.007},
  eprint = {1001.1158},
  primaryclass = {gr-qc},
  slaccitation = {%%CITATION = 1001.1158;%%}
}

@ARTICLE{Bek13,
  author = {Bekenstein, J. D.},
  title = {{Can quantum gravity be exposed in the laboratory?: A tabletop experiment
	to reveal the quantum foam, arXiv:1301.4322}},
  year = {2013},
  archiveprefix = {arXiv},
  eprint = {1301.4322},
  primaryclass = {gr-qc},
  slaccitation = {%%CITATION = ARXIV:1301.4322;%%}
}

@ARTICLE{Bek12,
  author = {Bekenstein, J. D.},
  title = {{Is a tabletop search for Planck scale signals feasible}},
  journal = {Phys.Rev.},
  year = {2012},
  volume = {D86},
  pages = {124040},
  archiveprefix = {arXiv},
  doi = {10.1103/PhysRevD.86.124040},
  eprint = {1211.3816},
  primaryclass = {gr-qc},
  slaccitation = {%%CITATION = ARXIV:1211.3816;%%}
}

@ARTICLE{Bek73,
  author = {Bekenstein, J. D.},
  title = {{Black holes and entropy}},
  journal = {Phys. Rev.},
  year = {1973},
  volume = {D7},
  pages = {2333-2346},
  doi = {10.1103/PhysRevD.7.2333},
  slaccitation = {%%CITATION = PHRVA,D7,2333;%%}
}

@ARTICLE{BNT05,
  author = {Beklemishev, A. and Nicolini, P. and Tessarotto, M.},
  title = {{Relativistic kinetic theory of magnetoplasmas}},
  journal = {AIP Conf.Proc.},
  year = {2005},
  volume = {762},
  pages = {1283},
  archiveprefix = {arXiv},
  doi = {10.1063/1.1941710},
  eprint = {physics/0407015},
  primaryclass = {physics},
  slaccitation = {%%CITATION = PHYSICS/0407015;%%}
}

@ARTICLE{BeL83,
  author = {Bell, J. S. and Leinaas, J. M.},
  title = {{Electrons as accelerated thermometers}},
  journal = {Nucl. Phys.},
  year = {1983},
  volume = {B212},
  pages = {131-150}
}

@ARTICLE{Ben09,
  author = {Benedetti, D.},
  title = {{Fractal properties of quantum spacetime}},
  journal = {Phys.Rev.Lett.},
  year = {2009},
  volume = {102},
  pages = {111303},
  archiveprefix = {arXiv},
  doi = {10.1103/PhysRevLett.102.111303},
  eprint = {0811.1396},
  primaryclass = {hep-th},
  reportnumber = {PI-QG-103},
  slaccitation = {%%CITATION = ARXIV:0811.1396;%%}
}

@ARTICLE{BeR07,
  author = {Berkooz, M. and Reichmann, D.},
  title = {{A short review of time dependent solutions and space-like singularities
	in string theory}},
  journal = {Nucl.Phys.Proc.Suppl.},
  year = {2007},
  volume = {171},
  pages = {69-87},
  archiveprefix = {arXiv},
  doi = {10.1016/j.nuclphysbps.2007.06.008},
  eprint = {0705.2146},
  primaryclass = {hep-th},
  slaccitation = {%%CITATION = ARXIV:0705.2146;%%}
}

@ARTICLE{best03,
  author = {Bestbury, Bruce W.},
  title = {{$R$}-matrices and the magic square},
  journal = {J. Phys. A},
  year = {2003},
  volume = {36},
  pages = {1947--1959},
  number = {7},
  coden = {JPHAC5},
  fjournal = {Journal of Physics. A. Mathematical and General},
  issn = {0305-4470},
  mrclass = {17B10},
  mrnumber = {1 960 703}
}

@INBOOK{BiD82,
  pages = {45-49},
  title = {Quantum fields in curved space},
  publisher = {Cambridge University Press},
  year = {1982},
  author = {Birrell, N.D. and Davies, P.C.W.},
  series = {Cambridge Monographs in Mathematical Physics},
  type = {Section},
  address = {New York, NY 10011-4211, USA},
  edition = {Digital reprinting 1999}
}

@ARTICLE{BGK11,
  author = {Biswas, T. and Gerwick, E. and Koivisto, T. and Mazumdar, A.},
  title = {{Towards singularity and ghost free theories of gravity}},
  journal = {Phys.Rev.Lett.},
  year = {2012},
  volume = {108},
  pages = {031101},
  archiveprefix = {arXiv},
  doi = {10.1103/PhysRevLett.108.031101},
  eprint = {1110.5249},
  primaryclass = {gr-qc},
  slaccitation = {%%CITATION = ARXIV:1110.5249;%%}
}

@ARTICLE{BMW06,
  author = {Biswas, T. and Mazumdar, A. and Siegel, W.},
  title = {{Bouncing universes in string-inspired gravity}},
  journal = {JCAP},
  year = {2006},
  volume = {0603},
  pages = {009},
  archiveprefix = {arXiv},
  doi = {10.1088/1475-7516/2006/03/009},
  eprint = {hep-th/0508194},
  slaccitation = {%%CITATION = HEP-TH/0508194;%%}
}

@ARTICLE{Bla77,
  author = {Blandford, R.D.},
  title = {{Spectrum of a radio pulse from an exploding black hole}},
  journal = {Mon. Not. Roy. Astron. Soc.},
  year = {1977},
  volume = {181},
  pages = {489-498},
  slaccitation = {%%CITATION = MNRAA,179,433;%%}
}

@ARTICLE{Ble07,
  author = {Bleicher, Marcus},
  title = {{How to Create Black Holes on Earth?}},
  journal = {Eur. J. Phys.},
  year = {2007},
  volume = {28},
  pages = {509-516},
  note = {},
  archiveprefix = {arXiv},
  doi = {10.1088/0143-0807/28/3/012},
  eprint = {physics/0703062},
  primaryclass = {PHYSICS},
  slaccitation = {%%CITATION = PHYSICS/0703062;%%}
}

@ARTICLE{BlN14,
  author = {Bleicher, Marcus and Nicolini, Piero},
  title = {{Mini-review on mini-black holes from the mini-Big Bang}},
  journal = {Astron. Nachr.},
  year = {2014},
  volume = {335},
  pages = {605},
  note = {},
  archiveprefix = {arXiv},
  eprint = {1403.0944},
  primaryclass = {hep-th},
  slaccitation = {%%CITATION = ARXIV:1403.0944;%%}
}

@ARTICLE{BlN10,
  author = {Bleicher, M. and Nicolini, P.},
  title = {{Large extra dimensions and small black holes at the LHC}},
  journal = {J. Phys. Conf. Ser.},
  year = {2010},
  volume = {237},
  pages = {012008},
  note = {},
  archiveprefix = {arXiv},
  doi = {10.1088/1742-6596/237/1/012008},
  eprint = {1001.2211},
  primaryclass = {hep-ph},
  slaccitation = {%%CITATION = 1001.2211;%%}
}

@ARTICLE{BNS11,
  author = {Bleicher, M. and Nicolini, P. and Sprenger, M. and Winstanley, E.},
  title = {{Micro black holes in the laboratory}},
  journal = {Int.J.Mod.Phys.},
  year = {2011},
  volume = {E20S2},
  pages = {7-14},
  archiveprefix = {arXiv},
  doi = {10.1142/S0218301311040529},
  eprint = {1111.0657},
  primaryclass = {hep-th},
  slaccitation = {%%CITATION = ARXIV:1111.0657;%%}
}

@ARTICLE{BCH10,
  author = {Blome, H.-J. and Chicone, C. and Hehl, F. W. and Mashhoon, B.},
  title = {{Nonlocal Modification of Newtonian Gravity}},
  journal = {Phys. Rev.},
  year = {2010},
  volume = {D81},
  pages = {065020},
  archiveprefix = {arXiv},
  doi = {10.1103/PhysRevD.81.065020},
  eprint = {1002.1425},
  primaryclass = {gr-qc},
  slaccitation = {%%CITATION = 1002.1425;%%}
}

@ARTICLE{BoR06,
  author = {Bonanno, A. and Reuter, M.},
  title = {{Spacetime structure of an evaporating black hole in quantum gravity}},
  journal = {Phys.Rev.},
  year = {2006},
  volume = {D73},
  pages = {083005},
  archiveprefix = {arXiv},
  doi = {10.1103/PhysRevD.73.083005},
  eprint = {hep-th/0602159},
  primaryclass = {hep-th},
  reportnumber = {MZ-TH-06-04},
  slaccitation = {%%CITATION = HEP-TH/0602159;%%}
}

@ARTICLE{BoR00,
  author = {Bonanno, A. and Reuter, M.},
  title = {{Renormalization group improved black hole space-times}},
  journal = {Phys.Rev.},
  year = {2000},
  volume = {D62},
  pages = {043008},
  note = {},
  archiveprefix = {arXiv},
  doi = {10.1103/PhysRevD.62.043008},
  eprint = {hep-th/0002196},
  primaryclass = {hep-th},
  reportnumber = {INFN-CT-03-00, MZ-TH-00-04},
  slaccitation = {%%CITATION = HEP-TH/0002196;%%}
}

@ARTICLE{BoH96,
  author = {Bousso, R. and Hawking, S. W.},
  title = {{Pair creation of black holes during inflation}},
  journal = {Phys.Rev.},
  year = {1996},
  volume = {D54},
  pages = {6312-6322},
  note = {},
  archiveprefix = {arXiv},
  doi = {10.1103/PhysRevD.54.6312},
  eprint = {gr-qc/9606052},
  primaryclass = {gr-qc},
  reportnumber = {DAMTP-R-96-33},
  slaccitation = {%%CITATION = GR-QC/9606052;%%}
}

@ARTICLE{BBC65,
  author = {Bowyer, S. and Byram, E. T. and Chubb, T. A. and Friedman, H.},
  title = {{Cosmic X-ray Sources}},
  journal = {Science},
  year = {1965},
  volume = {147},
  pages = {394-398},
  doi = {10.1126/science.147.3656.394}
}

@ARTICLE{Bro11,
  author = {Broda, B.},
  title = {{One-loop quantum gravity repulsion in the early Universe}},
  journal = {Phys.Rev.Lett.},
  year = {2011},
  volume = {106},
  pages = {101303},
  archiveprefix = {arXiv},
  doi = {10.1103/PhysRevLett.106.101303},
  eprint = {1011.6257},
  primaryclass = {gr-qc},
  slaccitation = {%%CITATION = ARXIV:1011.6257;%%}
}

@ARTICLE{BrM11,
  author = {Brown, E. and Mann, R. B.},
  title = {{Instability of the noncommutative geometry inspired black hole}},
  journal = {Phys. Lett.},
  year = {2011},
  volume = {B695},
  pages = {440-445},
  archiveprefix = {arXiv},
  doi = {10.1016/j.physletb.2010.10.014},
  eprint = {1012.4787},
  primaryclass = {hep-th},
  slaccitation = {%%CITATION = 1012.4787;%%}
}

@ARTICLE{BMM11,
  author = {Brown, E. and Mann, R. B. and Modesto, L.},
  title = {{Stability of self-dual black holes}},
  journal = {Phys. Lett.},
  year = {2011},
  volume = {B695},
  pages = {376-383},
  archiveprefix = {arXiv},
  doi = {10.1016/j.physletb.2010.11.035},
  eprint = {1006.4164},
  primaryclass = {gr-qc},
  slaccitation = {%%CITATION = 1006.4164;%%}
}

@ARTICLE{BHT86,
  author = {Brown, J. David and Henneaux, M. and Teitelboim, C.},
  title = {{Black holes in two space-time dimensions}},
  journal = {Phys.Rev.},
  year = {1986},
  volume = {D33},
  pages = {319-323},
  doi = {10.1103/PhysRevD.33.319},
  slaccitation = {%%CITATION = PHRVA,D33,319;%%}
}

@PHDTHESIS{brow88,
  author = {Marcus E. Brown},
  title = {An Interactive Environment for Literate Programming},
  school = {Texas A\&M University},
  year = {1988},
  address = {TX, USA},
  month = {aug},
  pages = {ix + 102}
}

@ARTICLE{BDV09,
  author = {Brustein, R. and Dvali, G. and Veneziano, G.},
  title = {{A Bound on the effective gravitational coupling from semiclassical
	black holes}},
  journal = {JHEP},
  year = {2009},
  volume = {10},
  pages = {085},
  note = {},
  archiveprefix = {arXiv},
  doi = {10.1088/1126-6708/2009/10/085},
  eprint = {0907.5516},
  primaryclass = {hep-th},
  slaccitation = {%%CITATION = ARXIV:0907.5516;%%}
}

@ARTICLE{Cal12a,
  author = {Calcagni, Gianluca},
  title = {{Diffusion in multi-fractional spacetimes}},
  year = {2012},
  archiveprefix = {arXiv},
  eprint = {1205.5046},
  primaryclass = {hep-th},
  reportnumber = {AEI-2012-043},
  slaccitation = {%%CITATION = ARXIV:1205.5046;%%}
}

@ARTICLE{Cal12b,
  author = {Calcagni, Gianluca},
  title = {{Diffusion in quantum gravity}},
  year = {2012},
  archiveprefix = {arXiv},
  eprint = {1204.2550},
  primaryclass = {hep-th},
  reportnumber = {AEI-2012-034},
  slaccitation = {%%CITATION = ARXIV:1204.2550;%%}
}

@ARTICLE{Cal09,
  author = {Calcagni, G.},
  title = {{Fractal universe and quantum gravity}},
  journal = {Phys.Rev.Lett.},
  year = {2010},
  volume = {104},
  pages = {251301},
  archiveprefix = {arXiv},
  doi = {10.1103/PhysRevLett.104.251301},
  eprint = {0912.3142},
  primaryclass = {hep-th},
  reportnumber = {AEI-2009-125},
  slaccitation = {%%CITATION = ARXIV:0912.3142;%%}
}

@ARTICLE{CMN14,
  author = {Calcagni, Gianluca and Modesto, Leonardo and Nicolini, Piero},
  title = {{Super-accelerating bouncing cosmology in asymptotically-free non-local
	gravity}},
  journal = {Eur. Phys. J.},
  year = {2014},
  volume = {C74},
  pages = {2999},
  number = {8},
  note = {},
  archiveprefix = {arXiv},
  doi = {10.1140/epjc/s10052-014-2999-8},
  eprint = {1306.5332},
  primaryclass = {gr-qc},
  slaccitation = {%%CITATION = ARXIV:1306.5332;%%}
}

@ARTICLE{CaN10,
  author = {Calcagni, G. and Nardelli, G.},
  title = {{Nonlocal gravity and the diffusion equation}},
  journal = {Phys. Rev.},
  year = {2010},
  volume = {D82},
  pages = {123518},
  archiveprefix = {arXiv},
  doi = {10.1103/PhysRevD.82.123518},
  eprint = {1004.5144},
  primaryclass = {hep-th},
  slaccitation = {%%CITATION = 1004.5144;%%}
}

@ARTICLE{Cal10a,
  author = {Calmet, Xavier},
  title = {{A Review of Quantum Gravity at the Large Hadron Collider}},
  journal = {Mod. Phys. Lett.},
  year = {2010},
  volume = {A25},
  pages = {1553-1579},
  note = {},
  archiveprefix = {arXiv},
  doi = {10.1142/S0217732310033591},
  eprint = {1005.1805},
  primaryclass = {hep-ph},
  slaccitation = {%%CITATION = ARXIV:1005.1805;%%}
}

@BOOK{CCW13,
  title = {Quantum Black Holes},
  publisher = {Springer Verlag},
  year = {2013},
  author = {Calmet, Xavier and Carr, Bernard and Winstanley, Elizabeth},
  series = {SpringerBriefs in Physics},
  isbn = {978-3-642-38938-2}
}

@ARTICLE{CGH04,
  author = {Calmet, X. and Graesser, M. and Hsu, S. D. H. },
  title = {{Minimum length from quantum mechanics and general relativity}},
  journal = {Phys. Rev. Lett.},
  year = {2004},
  volume = {93},
  pages = {211101},
  archiveprefix = {arXiv},
  doi = {10.1103/PhysRevLett.93.211101},
  eprint = {hep-th/0405033},
  slaccitation = {%%CITATION = HEP-TH/0405033;%%}
}

@ARTICLE{CaK05,
  author = {Calmet, Xavier and Kobakhidze, Archil},
  title = {{Noncommutative general relativity}},
  journal = {Phys.Rev.},
  year = {2005},
  volume = {D72},
  pages = {045010},
  archiveprefix = {arXiv},
  doi = {10.1103/PhysRevD.72.045010},
  eprint = {hep-th/0506157},
  primaryclass = {hep-th},
  slaccitation = {%%CITATION = HEP-TH/0506157;%%}
}

@ARTICLE{CaL10,
  author = {Calmet, Xavier and Landsberg, Greg},
  title = {{Lower Dimensional Quantum Black Holes}},
  year = {2010},
  archiveprefix = {arXiv},
  eprint = {1008.3390},
  primaryclass = {hep-ph},
  slaccitation = {%%CITATION = ARXIV:1008.3390;%%}
}

@ARTICLE{CaJ92,
  author = {Cangemi, D. and Jackiw, R.},
  title = {{Gauge invariant formulations of lineal gravity}},
  journal = {Phys.Rev.Lett.},
  year = {1992},
  volume = {69},
  pages = {233-236},
  archiveprefix = {arXiv},
  doi = {10.1103/PhysRevLett.69.233},
  eprint = {hep-th/9203056},
  primaryclass = {hep-th},
  reportnumber = {MIT-CTP-2085},
  slaccitation = {%%CITATION = HEP-TH/9203056;%%}
}

@ARTICLE{CaD11,
  author = {Capozziello, Salvatore and De Laurentis, Mariafelicia},
  title = {{Extended Theories of Gravity}},
  journal = {Phys. Rept.},
  year = {2011},
  volume = {509},
  pages = {167-321},
  note = {},
  archiveprefix = {arXiv},
  doi = {10.1016/j.physrep.2011.09.003},
  eprint = {1108.6266},
  primaryclass = {gr-qc},
  slaccitation = {%%CITATION = ARXIV:1108.6266;%%}
}

@ARTICLE{Car09,
  author = {Carlip, Steven},
  title = {{Spontaneous dimensional reduction in short-distance quantum gravity?}},
  year = {2009},
  note = {Invited talk at the 25th Max Born Symposium: ``The Planck Scale''
	- 29 Jun - 3 Jul 2009: Wroclaw, Poland },
  archiveprefix = {arXiv},
  eprint = {0909.3329},
  primaryclass = {gr-qc},
  slaccitation = {%%CITATION = ARXIV:0909.3329;%%}
}

@ARTICLE{Car13,
  author = {Carr, B.},
  title = {{Black holes, the generalized uncertainty principle and higher dimensions}},
  journal = {Mod. Phys. Lett. A},
  year = {2013},
  volume = {28},
  pages = {1340011}
}

@ARTICLE{CMP11,
  author = {Carr, B. and Modesto, L. and Premont-Schwarz, I.},
  title = {{Generalized Uncertainty Principle and Self-dual Black Holes}},
  year = {2011},
  archiveprefix = {arXiv},
  eprint = {1107.0708},
  primaryclass = {gr-qc},
  slaccitation = {%%CITATION = ARXIV:1107.0708;%%}
}

@ARTICLE{Car14,
  author = {Carr, B. J.},
  title = {{The Black Hole Uncertainty Principle Correspondence}},
  journal = {Springer Proc. Phys.},
  year = {2016},
  volume = {170},
  pages = {159-167},
  archiveprefix = {arXiv},
  booktitle = {{Proceedings, 1st Karl Schwarzschild Meeting on Gravitational Physics
	(KSM 2013): Frankfurt am Main, Germany, July 22-26, 2013}},
  doi = {10.1007/978-3-319-20046-0_19},
  eprint = {1402.1427},
  primaryclass = {gr-qc},
  slaccitation = {%%CITATION = ARXIV:1402.1427;%%}
}

@ARTICLE{Car16,
  author = {Carr, Bernard J.},
  title = {{Primordial Black Holes and Quantum Effects}},
  journal = {Springer Proc. Phys.},
  year = {2016},
  volume = {170},
  pages = {23-31},
  note = {},
  archiveprefix = {arXiv},
  booktitle = {{Proceedings, 1st Karl Schwarzschild Meeting on Gravitational Physics
	(KSM 2013)}},
  doi = {10.1007/978-3-319-20046-0_3},
  eprint = {1402.1437},
  primaryclass = {gr-qc},
  slaccitation = {%%CITATION = ARXIV:1402.1437;%%}
}

@ARTICLE{Car75,
  author = {Carr, B. J.},
  title = {{The Primordial black hole mass spectrum}},
  journal = {Astrophys.J.},
  year = {1975},
  volume = {201},
  pages = {1-19},
  doi = {10.1086/153853},
  slaccitation = {%%CITATION = ASJOA,201,1;%%}
}

@ARTICLE{CaH74,
  author = {Carr, B. J. and Hawking, S.W.},
  title = {{Black holes in the early Universe}},
  journal = {Mon. Not. Roy. Astron. Soc.},
  year = {1974},
  volume = {168},
  pages = {399-415},
  slaccitation = {%%CITATION = MNRAA,168,399;%%}
}

@ARTICLE{CMN15,
  author = {Carr, Bernard J. and Mureika, Jonas and Nicolini, Piero},
  title = {{Sub-Planckian black holes and the Generalized Uncertainty Principle}},
  journal = {JHEP},
  year = {2015},
  volume = {07},
  pages = {052},
  note = {},
  archiveprefix = {arXiv},
  doi = {10.1007/JHEP07(2015)052},
  eprint = {1504.07637},
  primaryclass = {gr-qc},
  slaccitation = {%%CITATION = ARXIV:1504.07637;%%}
}

@ARTICLE{Cas13,
  author = {Casadio, R.},
  title = {{Localised particles and fuzzy horizons: A tool for probing Quantum
	Black Holes}},
  year = {2013},
  note = {},
  archiveprefix = {arXiv},
  eprint = {1305.3195},
  primaryclass = {gr-qc},
  slaccitation = {%%CITATION = ARXIV:1305.3195;%%}
}

@ARTICLE{CCG15,
  author = {Casadio, Roberto and Cavalcanti, Rogerio T. and Giugno, Andrea and
	Mureika, Jonas},
  title = {{Horizon of quantum black holes in various dimensions}},
  year = {2015},
  note = {},
  archiveprefix = {arXiv},
  eprint = {1509.09317},
  primaryclass = {gr-qc},
  slaccitation = {%%CITATION = ARXIV:1509.09317;%%}
}

@ARTICLE{CGM16,
  author = {Casadio, Roberto and Giugno, Andrea and Micu, Octavian},
  title = {{Horizon quantum mechanics: A hitchhiker’s guide to quantum black
	holes}},
  journal = {Int. J. Mod. Phys.},
  year = {2016},
  volume = {D25},
  pages = {1630006},
  number = {02},
  archiveprefix = {arXiv},
  doi = {10.1142/S0218271816300068},
  eprint = {1512.04071},
  primaryclass = {hep-th},
  slaccitation = {%%CITATION = ARXIV:1512.04071;%%}
}

@ARTICLE{CGM15,
  author = {Casadio, Roberto and Giugno, Andrea and Micu, Octavian and Orlandi,
	Alessio},
  title = {{Thermal BEC black holes}},
  journal = {Entropy},
  year = {2015},
  volume = {17},
  pages = {6893-6924},
  note = {},
  archiveprefix = {arXiv},
  doi = {10.3390/e17106893},
  eprint = {1511.01279},
  primaryclass = {gr-qc},
  slaccitation = {%%CITATION = ARXIV:1511.01279;%%}
}

@INBOOK{CMN15b,
  pages = {293-322},
  title = {{Minimum length effects in black hole physics}},
  publisher = {Springer Verlag},
  year = {2015},
  author = {Casadio, Roberto and Micu, Octavian and Nicolini, Piero},
  volume = {178},
  series = {Fundam. Theor. Phys.},
  note = {},
  archiveprefix = {arXiv},
  doi = {10.1007/978-3-319-10852-0_10},
  eprint = {1405.1692},
  primaryclass = {hep-th},
  slaccitation = {%%CITATION = ARXIV:1405.1692;%%}
}

@ARTICLE{CMO12,
  author = {Casadio, R. and Micu, O. and Orlandi, A.},
  title = {{Minimum black hole mass from colliding Gaussian packets}},
  journal = {Eur.Phys.J.},
  year = {2012},
  volume = {C72},
  pages = {2146},
  archiveprefix = {arXiv},
  doi = {10.1140/epjc/s10052-012-2146-3},
  eprint = {1205.6303},
  primaryclass = {hep-th},
  slaccitation = {%%CITATION = ARXIV:1205.6303;%%}
}

@ARTICLE{CMS14,
  author = {Casadio, Roberto and Micu, Octavian and Scardigli, Fabio},
  title = {{Quantum hoop conjecture: Black hole formation by particle collisions}},
  journal = {Phys. Lett.},
  year = {2014},
  volume = {B732},
  pages = {105-109},
  note = {},
  archiveprefix = {arXiv},
  doi = {10.1016/j.physletb.2014.03.037},
  eprint = {1311.5698},
  primaryclass = {hep-th},
  slaccitation = {%%CITATION = ARXIV:1311.5698;%%}
}

@ARTICLE{CMS15,
  author = {Casadio, Roberto and Micu, Octavian and Stojkovic, Dejan},
  title = {{Inner horizon of the quantum Reissner-Nordström black holes}},
  journal = {JHEP},
  year = {2015},
  volume = {05},
  pages = {096},
  note = {},
  archiveprefix = {arXiv},
  doi = {10.1007/JHEP05(2015)096},
  eprint = {1503.01888},
  primaryclass = {gr-qc},
  slaccitation = {%%CITATION = ARXIV:1503.01888;%%}
}

@ARTICLE{CMS15b,
  author = {Casadio, Roberto and Micu, Octavian and Stojkovic, Dejan},
  title = {{Horizon Wave-Function and the Quantum Cosmic Censorship}},
  journal = {Phys. Lett.},
  year = {2015},
  volume = {B747},
  pages = {68-72},
  note = {},
  archiveprefix = {arXiv},
  doi = {10.1016/j.physletb.2015.05.053},
  eprint = {1503.02858},
  primaryclass = {gr-qc},
  slaccitation = {%%CITATION = ARXIV:1503.02858;%%}
}

@ARTICLE{CaN08,
  author = {Casadio, R. and Nicolini, P.},
  title = {{The decay-time of non-commutative micro-black holes}},
  journal = {JHEP},
  year = {2008},
  volume = {11},
  pages = {072},
  archiveprefix = {arXiv},
  doi = {10.1088/1126-6708/2008/11/072},
  eprint = {0809.2471},
  primaryclass = {hep-th},
  slaccitation = {%%CITATION = 0809.2471;%%}
}

@ARTICLE{CaS14,
  author = {Casadio, Roberto and Scardigli, Fabio},
  title = {{Horizon wave-function for single localized particles: GUP and quantum
	black hole decay}},
  journal = {Eur. Phys. J.},
  year = {2014},
  volume = {C74},
  pages = {2685},
  number = {1},
  note = {},
  archiveprefix = {arXiv},
  doi = {10.1140/epjc/s10052-013-2685-2},
  eprint = {1306.5298},
  primaryclass = {gr-qc},
  slaccitation = {%%CITATION = ARXIV:1306.5298;%%}
}

@ARTICLE{CaS06,
  author = {Casanova, A. and Spallucci, E.},
  title = {{TeV mini black hole decay at future colliders}},
  journal = {Class.Quant.Grav.},
  year = {2006},
  volume = {23},
  pages = {R45-R62},
  note = {},
  archiveprefix = {arXiv},
  doi = {10.1088/0264-9381/23/3/R01},
  eprint = {hep-ph/0512063},
  primaryclass = {hep-ph},
  slaccitation = {%%CITATION = HEP-PH/0512063;%%}
}

@ARTICLE{Cav03,
  author = {Cavaglia, M.},
  title = {{Black hole and brane production in TeV gravity: A Review}},
  journal = {Int.J.Mod.Phys.},
  year = {2003},
  volume = {A18},
  pages = {1843-1882},
  note = {},
  archiveprefix = {arXiv},
  doi = {10.1142/S0217751X03013569},
  eprint = {hep-ph/0210296},
  primaryclass = {hep-ph},
  reportnumber = {MIT-CTP-3299},
  slaccitation = {%%CITATION = HEP-PH/0210296;%%}
}

@ARTICLE{CEJ99,
  author = {Chamblin, Andrew and Emparan, Roberto and Johnson, Clifford V. and
	Myers, Robert C.},
  title = {{Charged AdS black holes and catastrophic holography}},
  journal = {Phys. Rev.},
  year = {1999},
  volume = {D60},
  pages = {064018},
  note = {},
  archiveprefix = {arXiv},
  doi = {10.1103/PhysRevD.60.064018},
  eprint = {hep-th/9902170},
  primaryclass = {hep-th},
  reportnumber = {DAMTP-1999-29, EHU-FT-9902, UK-99-02, MCGILL-99-07},
  slaccitation = {%%CITATION = HEP-TH/9902170;%%}
}

@ARTICLE{CMS13,
  author = {Chatrchyan, S. and others},
  title = {{Search for narrow resonances and quantum black holes in inclusive
	and $b$-tagged dijet mass spectra from $pp$ collisions at $\sqrt{s}=7$
	TeV}},
  journal = {JHEP},
  year = {2013},
  volume = {1301},
  pages = {013},
  note = {CMS Collaboration},
  archiveprefix = {arXiv},
  collaboration = {CMS Collaboration},
  doi = {10.1007/JHEP01(2013)013},
  eprint = {1210.2387},
  primaryclass = {hep-ex},
  reportnumber = {CMS-EXO-11-094, CERN-PH-EP-2012-277},
  slaccitation = {%%CITATION = ARXIV:1210.2387;%%}
}

@ARTICLE{CMS12,
  author = {Chatrchyan, Serguei and others},
  title = {{Search for microscopic black holes in pp collisions at sqrt(s) =
	7 TeV}},
  journal = {JHEP},
  year = {2012},
  volume = {1204},
  pages = {061},
  note = {CMS Collaboration},
  archiveprefix = {arXiv},
  eprint = {1202.6396},
  primaryclass = {hep-ex},
  reportnumber = {CMS-EXO-11-071, CERN-PH-EP-2012-045},
  slaccitation = {%%CITATION = ARXIV:1202.6396;%%}
}

@ARTICLE{CMS11a,
  author = {Chatrchyan, Serguei and others},
  title = {{Search for new physics with a mono-jet and missing transverse energy
	in $pp$ collisions at $\sqrt{s} = 7$ TeV}},
  journal = {Phys.Rev.Lett.},
  year = {2011},
  volume = {107},
  pages = {201804},
  note = {CMS Collaboration},
  archiveprefix = {arXiv},
  doi = {10.1103/PhysRevLett.107.201804},
  eprint = {1106.4775},
  primaryclass = {hep-ex},
  reportnumber = {CMS-EXO-11-003, CERN-PH-EP-2011-070},
  slaccitation = {%%CITATION = ARXIV:1106.4775;%%}
}

@ARTICLE{ChA03,
  author = {Chen, P. and Adler, R. J.},
  title = {{Black hole remnants and dark matter}},
  journal = {Nucl.Phys.Proc.Suppl.},
  year = {2003},
  volume = {124},
  pages = {103-106},
  archiveprefix = {arXiv},
  doi = {10.1016/S0920-5632(03)02088-7},
  eprint = {gr-qc/0205106},
  primaryclass = {gr-qc},
  reportnumber = {SLAC-PUB-9331},
  slaccitation = {%%CITATION = GR-QC/0205106;%%}
}

@ARTICLE{COY14,
  author = {Chen, Pisin and Ong, Yen Chin and Yeom, Dong-han},
  title = {{Black Hole Remnants and the Information Loss Paradox}},
  journal = {Phys. Rept.},
  year = {2015},
  volume = {603},
  pages = {1-45},
  note = {},
  archiveprefix = {arXiv},
  doi = {10.1016/j.physrep.2015.10.007},
  eprint = {1412.8366},
  primaryclass = {gr-qc},
  reportnumber = {NORDITA-2014-149},
  slaccitation = {%%CITATION = ARXIV:1412.8366;%%}
}

@ARTICLE{ChD80,
  author = {Christensen, S. M. and Duff, M. J.},
  title = {{Quantizing gravity with a cosmological constant}},
  journal = {Nucl. Phys.},
  year = {1980},
  volume = {B170},
  pages = {480},
  doi = {10.1016/0550-3213(80)90423-X},
  slaccitation = {%%CITATION = NUPHA,B170,480;%%}
}

@BOOK{chur90,
  title = {Complex {V}ariables and {A}pplications},
  publisher = {McGraw-Hill},
  year = {1990},
  author = {R. V. Churchill and J. W. Brown},
  pages = {215--253},
  edition = {5th}
}

@ARTICLE{CSW86,
  author = {Colpi, M. and Shapiro, S.L. and Wasserman, I.},
  title = {{Boson Stars: Gravitational Equilibria of Selfinteracting Scalar
	Fields}},
  journal = {Phys.Rev.Lett.},
  year = {1986},
  volume = {57},
  pages = {2485-2488},
  doi = {10.1103/PhysRevLett.57.2485},
  slaccitation = {%%CITATION = PRLTA,57,2485;%%}
}

@ARTICLE{CHM08,
  author = {Crispino, L. C.B. and Higuchi, A. and Matsas, G. E.A.},
  title = {{The Unruh effect and its applications}},
  journal = {Rev.Mod.Phys.},
  year = {2008},
  volume = {80},
  pages = {787-838},
  archiveprefix = {arXiv},
  doi = {10.1103/RevModPhys.80.787},
  eprint = {0710.5373},
  primaryclass = {gr-qc},
  slaccitation = {%%CITATION = ARXIV:0710.5373;%%}
}

@MISC{davi93,
  author = {Bill Davidsen},
  title = {NETPBM},
  year = {1993},
  note = {\url{ftp://ftp.wustl.edu/graphics/graphics/packages/NetPBM}.}
}

@ARTICLE{DPR15,
  author = {De Lorenzo, Tommaso and Pacilio, Costantino and Rovelli, Carlo and
	Speziale, Simone},
  title = {{On the Effective Metric of a Planck Star}},
  journal = {Gen. Rel. Grav.},
  year = {2015},
  volume = {47},
  pages = {41},
  number = {4},
  note = {},
  archiveprefix = {arXiv},
  doi = {10.1007/s10714-015-1882-8},
  eprint = {1412.6015},
  primaryclass = {gr-qc},
  slaccitation = {%%CITATION = ARXIV:1412.6015;%%}
}

@INBOOK{DeB08,
  pages = {371-426},
  title = {Developments in black hole research: classical, semi-classical, and
	quantum},
  publisher = {Nova Science Publishers},
  year = {2008},
  author = {DeBenedictis, A.},
  series = {Classical and Quantum Gravity Research},
  type = {Section},
  month = May,
  note = {},
  archiveprefix = {arXiv},
  eprint = {0711.2279}
}

@ARTICLE{pier02,
  author = {Deligne, Pierre X. and Gross, Benedict H.},
  title = {On the exceptional series, and its descendants},
  journal = {C. R. Math. Acad. Sci. Paris},
  year = {2002},
  volume = {335},
  pages = {877--881},
  number = {11},
  fjournal = {Comptes Rendus Math\'ematique. Acad\'emie des Sciences. Paris},
  issn = {1631-073X},
  mrclass = {20Gxx},
  mrnumber = {1 952 563}
}

@INBOOK{Dem03,
  pages = {159},
  title = {Topology of the Universe and the Cosmic Microwave Background Radiation},
  publisher = {The Early Universe and the Cosmic Microwave Background: Theory and
	Observations. Proceedings of the NATO Advanced Study Institute, held
	September 7-20, 2002, in Palermo, Sicily, Italy. Edited by Norma
	G. S\'anchez and Yuri N. Parijskij. Kluwer Academic Publishers.},
  year = {2003},
  author = {Demia\'nski, M.},
  volume = .,
  series = {NATO science series. Series II, Mathematics, physics, and chemistry},
  type = {Section},
  address = {New York, NY USA},
  month = .,
  note = { }
}

@ARTICLE{DeW07,
  author = {Deser, S. and Woodard, R. P.},
  title = {{Nonlocal cosmology}},
  journal = {Phys. Rev. Lett.},
  year = {2007},
  volume = {99},
  pages = {111301},
  archiveprefix = {arXiv},
  doi = {10.1103/PhysRevLett.99.071601},
  eprint = {0706.2151},
  primaryclass = {astro-ph},
  slaccitation = {%%CITATION = 0706.2151;%%}
}

@ARTICLE{DeW75,
  author = {DeWitt, B. S.},
  title = {{Quantum field theory in curved space-time}},
  journal = {Phys.Rept.},
  year = {1975},
  volume = {19},
  pages = {295-357},
  doi = {10.1016/0370-1573(75)90051-4},
  slaccitation = {%%CITATION = PRPLC,19,295;%%}
}

@ARTICLE{DeW67a,
  author = {DeWitt, B. S.},
  title = {{Quantum theory of gravity. 1. The canonical theory}},
  journal = {Phys.Rev.},
  year = {1967},
  volume = {160},
  pages = {1113-1148},
  doi = {10.1103/PhysRev.160.1113},
  slaccitation = {%%CITATION = PHRVA,160,1113;%%}
}

@ARTICLE{DeW67b,
  author = {DeWitt, B. S.},
  title = {{Quantum theory of gravity. 2. The manifestly covariant theory}},
  journal = {Phys.Rev.},
  year = {1967},
  volume = {162},
  pages = {1195-1239},
  doi = {10.1103/PhysRev.162.1195},
  slaccitation = {%%CITATION = PHRVA,162,1195;%%}
}

@ARTICLE{DeW67c,
  author = {DeWitt, B. S.},
  title = {{Quantum theory of gravity. 3. Applications of the covariant theory}},
  journal = {Phys.Rev.},
  year = {1967},
  volume = {162},
  pages = {1239-1256},
  doi = {10.1103/PhysRev.162.1239},
  slaccitation = {%%CITATION = PHRVA,162,1239;%%}
}

@INBOOK{DeW62,
  title = {{The quantization of geometry}},
  publisher = {In ``Gravitation: an introduction to current research''. Edited by
	Louis Witten. Wiley \& Sons P.C., chapter 8, pp. 266-381},
  year = {1962},
  author = {DeWitt, B. S.},
  slaccitation = {%%CITATION = INSPIRE-44830;%%}
}

@ARTICLE{DEM09,
  author = {Di Grezia, E. and Esposito, G. and Miele, G.},
  title = {{Nonlocal field theory driven by a deformed product. Generalization
	of Kalb-Ramond duality}},
  journal = {Int. J. Geom. Meth. Mod. Phys.},
  year = {2009},
  volume = {6},
  pages = {201-218},
  archiveprefix = {arXiv},
  doi = {10.1142/S0219887809003473},
  eprint = {0806.0700},
  primaryclass = {hep-th},
  slaccitation = {%%CITATION = 0806.0700;%%}
}

@ARTICLE{DiL01,
  author = {Dimopoulos, Savas and Landsberg, Greg L.},
  title = {{Black holes at the LHC}},
  journal = {Phys.Rev.Lett.},
  year = {2001},
  volume = {87},
  pages = {161602},
  note = {},
  archiveprefix = {arXiv},
  doi = {10.1103/PhysRevLett.87.161602},
  eprint = {hep-ph/0106295},
  primaryclass = {hep-ph},
  reportnumber = {SU-ITP-01-31},
  slaccitation = {%%CITATION = HEP-PH/0106295;%%}
}

@ARTICLE{DMS15,
  author = {Dirkes, Alain R. P. and Maziashvili, Michael and Silagadze, Zurab
	K.},
  title = {{Black hole remnants due to Planck-length deformed QFT}},
  journal = {Int. J. Mod. Phys.},
  year = {2015},
  volume = {D25},
  pages = {1650015},
  number = {02},
  archiveprefix = {arXiv},
  doi = {10.1142/S0218271816500152},
  eprint = {1309.7427},
  primaryclass = {gr-qc},
  slaccitation = {%%CITATION = ARXIV:1309.7427;%%}
}

@ARTICLE{Doe09,
  author = {Doeleman, S. and Agol, E. and Backer, D. and Baganoff, F. and Bower,
	G. C. and others},
  title = {{Imaging an Event Horizon: submm-VLBI of a Super Massive Black Hole}},
  year = {2009},
  note = {In Astro2010: The Astronomy and Astrophysics Decadal Survey, Science
	White Papers, no. 68},
  archiveprefix = {arXiv},
  eprint = {0906.3899},
  primaryclass = {astro-ph.CO},
  slaccitation = {%%CITATION = ARXIV:0906.3899;%%}
}

@ARTICLE{DWR08,
  author = {Doeleman, S. and Weintroub, J. and Rogers, A. E.E. and Plambeck,
	R. and Freund, R. and others},
  title = {{Event-horizon-scale structure in the supermassive black hole candidate
	at the Galactic Centre}},
  journal = {Nature},
  year = {2008},
  volume = {455},
  pages = {78},
  archiveprefix = {arXiv},
  doi = {10.1038/nature07245},
  eprint = {0809.2442},
  primaryclass = {astro-ph},
  slaccitation = {%%CITATION = ARXIV:0809.2442;%%}
}

@ARTICLE{DoN01,
  author = {Douglas, M. R. and Nekrasov, N. A.},
  title = {{Noncommutative field theory}},
  journal = {Rev.Mod.Phys.},
  year = {2001},
  volume = {73},
  pages = {977-1029},
  archiveprefix = {arXiv},
  doi = {10.1103/RevModPhys.73.977},
  eprint = {hep-th/0106048},
  primaryclass = {hep-th},
  reportnumber = {ITEP-TH-31-01, IHES-P-01-27, RUNHETC-2001-18},
  slaccitation = {%%CITATION = HEP-TH/0106048;%%}
}

@ARTICLE{DGG94,
  author = {Dowker, Fay and Gauntlett, Jerome P. and Giddings, Steven B. and
	Horowitz, Gary T.},
  title = {{On pair creation of extremal black holes and Kaluza-Klein monopoles}},
  journal = {Phys.Rev.},
  year = {1994},
  volume = {D50},
  pages = {2662-2679},
  archiveprefix = {arXiv},
  doi = {10.1103/PhysRevD.50.2662},
  eprint = {hep-th/9312172},
  primaryclass = {hep-th},
  reportnumber = {UCSBTH-93-38, EFI-93-74A},
  slaccitation = {%%CITATION = HEP-TH/9312172;%%}
}

@ARTICLE{DGK94,
  author = {Dowker, Fay and Gauntlett, Jerome P. and Kastor, David A. and Traschen,
	Jennie H.},
  title = {{Pair creation of dilaton black holes}},
  journal = {Phys.Rev.},
  year = {1994},
  volume = {D49},
  pages = {2909-2917},
  archiveprefix = {arXiv},
  doi = {10.1103/PhysRevD.49.2909},
  eprint = {hep-th/9309075},
  primaryclass = {hep-th},
  reportnumber = {EFI-93-51, FERMILAB-PUB-93-272-A, UMHEP-393},
  slaccitation = {%%CITATION = HEP-TH/9309075;%%}
}

@ARTICLE{DrH80,
  author = {Drummond, I. T. and Hathrell, S. J.},
  title = {{QED vacuum polarization in a background gravitational field and
	its effect on the velocity of photons}},
  journal = {Phys. Rev.},
  year = {1980},
  volume = {D22},
  pages = {343},
  doi = {10.1103/PhysRevD.22.343},
  slaccitation = {%%CITATION = PHRVA,D22,343;%%}
}

@ARTICLE{DNT08,
  author = {Dubovsky, S. and Nicolis, A. and Trincherini, E. and Villadoro, G.},
  title = {{Microcausality in curved space-time}},
  journal = {Phys. Rev.},
  year = {2008},
  volume = {D77},
  pages = {084016},
  archiveprefix = {arXiv},
  doi = {10.1103/PhysRevD.77.084016},
  eprint = {0709.1483},
  primaryclass = {hep-th},
  slaccitation = {%%CITATION = 0709.1483;%%}
}

@INBOOK{Duf75,
  pages = {78-135},
  title = {Covariant quantization},
  publisher = {In ``Quantum gravity: an Oxford symposium''. Edited by C. J. Isham,
	R. Penrose and D. W. Sciama. Oxford Clarendon},
  year = {1975},
  author = {Duff, M.J.},
  address = {Oxford, UK}
}

@INBOOK{Dur08,
  title = {The cosmic microwave background},
  publisher = {Cambridge University Press},
  year = {2008},
  author = {Durrer, R.},
  volume = .,
  type = {Section},
  address = {Cambridge, UK},
  month = .
}

@ARTICLE{Dva15,
  author = {Dvali, Gia},
  title = {{Non-Thermal Corrections to Hawking Radiation Versus the Information
	Paradox}},
  year = {2015},
  note = {},
  archiveprefix = {arXiv},
  eprint = {1509.04645},
  primaryclass = {hep-th},
  slaccitation = {%%CITATION = ARXIV:1509.04645;%%}
}

@ARTICLE{DFG11,
  author = {Dvali, G. and Folkerts, S. and Germani, C.},
  title = {{Physics of Trans-Planckian Gravity}},
  journal = {Phys.Rev.},
  year = {2011},
  volume = {D84},
  pages = {024039},
  note = { },
  archiveprefix = {arXiv},
  doi = {10.1103/PhysRevD.84.024039},
  eprint = {1006.0984},
  primaryclass = {hep-th},
  reportnumber = {LMU-ASC-33-10},
  slaccitation = {%%CITATION = ARXIV:1006.0984;%%}
}

@ARTICLE{DFG12,
  author = {Dvali, Gia and Franca, Andre and Gomez, Cesar},
  title = {{Road Signs for UV-Completion}},
  year = {2012},
  note = { },
  archiveprefix = {arXiv},
  eprint = {1204.6388},
  primaryclass = {hep-th},
  slaccitation = {%%CITATION = ARXIV:1204.6388;%%}
}

@ARTICLE{DGG11,
  author = {Dvali, G. and Giudice, G. F. and Gomez, C. and Kehagias, A.},
  title = {{UV-completion by classicalization}},
  journal = {JHEP},
  year = {2011},
  volume = {1108},
  pages = {108},
  note = {},
  archiveprefix = {arXiv},
  doi = {10.1007/JHEP08(2011)108},
  eprint = {1010.1415},
  primaryclass = {hep-ph},
  reportnumber = {CERN-PH-TH-2010-226},
  slaccitation = {%%CITATION = ARXIV:1010.1415;%%}
}

@ARTICLE{DvG14,
  author = {Dvali, Gia and Gomez, Cesar},
  title = {{Black Holes as Critical Point of Quantum Phase Transition}},
  journal = {Eur. Phys. J.},
  year = {2014},
  volume = {C74},
  pages = {2752},
  note = {},
  archiveprefix = {arXiv},
  doi = {10.1140/epjc/s10052-014-2752-3},
  eprint = {1207.4059},
  primaryclass = {hep-th},
  slaccitation = {%%CITATION = ARXIV:1207.4059;%%}
}

@ARTICLE{DvG13,
  author = {Dvali, G. and Gomez, C.},
  title = {{Black Hole's 1/N Hair}},
  journal = {Phys.Lett.},
  year = {2013},
  volume = {B719},
  pages = {419-423},
  note = {},
  archiveprefix = {arXiv},
  doi = {10.1016/j.physletb.2013.01.020},
  eprint = {1203.6575},
  primaryclass = {hep-th},
  slaccitation = {%%CITATION = ARXIV:1203.6575;%%}
}

@ARTICLE{DvG13b,
  author = {Dvali, Gia and Gomez, Cesar},
  title = {{Black Hole's Quantum N-Portrait}},
  journal = {Fortsch. Phys.},
  year = {2013},
  volume = {61},
  pages = {742-767},
  note = {},
  archiveprefix = {arXiv},
  doi = {10.1002/prop.201300001},
  eprint = {1112.3359},
  primaryclass = {hep-th},
  slaccitation = {%%CITATION = ARXIV:1112.3359;%%}
}

@ARTICLE{DvG12,
  author = {Dvali, Gia and Gomez, Cesar},
  title = {{Ultra-High Energy Probes of Classicalization}},
  journal = {JCAP},
  year = {2012},
  volume = {1207},
  pages = {015},
  note = {},
  archiveprefix = {arXiv},
  doi = {10.1088/1475-7516/2012/07/015},
  eprint = {1205.2540},
  primaryclass = {hep-ph},
  slaccitation = {%%CITATION = ARXIV:1205.2540;%%}
}

@ARTICLE{DvG10,
  author = {Dvali, G. and Gomez, C.},
  title = {{Self-Completeness of Einstein Gravity}},
  year = {2010},
  note = { },
  archiveprefix = {arXiv},
  eprint = {1005.3497},
  primaryclass = {hep-th},
  slaccitation = {%%CITATION = ARXIV:1005.3497;%%}
}

@ARTICLE{DGI15,
  author         = "Dvali, G. and Gomez, C. and Isermann, R. S. and Lüst, D.
                        and Stieberger, S.",
      title          = "{Black hole formation and classicalization in
                        ultra-Planckian 2→N scattering}",
      journal        = "Nucl. Phys.",
      volume         = "B893",
      year           = "2015",
      pages          = "187-235",
      doi            = "10.1016/j.nuclphysb.2015.02.004",
      eprint         = "1409.7405",
      archivePrefix  = "arXiv",
      primaryClass   = "hep-th",
      reportNumber   = "MPP-2014-320, LMU-ASC-52-14",
      SLACcitation   = "%%CITATION = ARXIV:1409.7405;%%"
}

@ARTICLE{DGL16,
  author         = "Dvali, Gia and Gomez, Cesar and Lüst, Dieter",
      title          = "{Classical Limit of Black Hole Quantum N-Portrait and BMS
                        Symmetry}",
      journal        = "Phys. Lett.",
      volume         = "B753",
      year           = "2016",
      pages          = "173-177",
      doi            = "10.1016/j.physletb.2015.11.073",
      eprint         = "1509.02114",
      archivePrefix  = "arXiv",
      primaryClass   = "hep-th",
      reportNumber   = "MPP-2015-215, LMU-ASC-59-15",
      SLACcitation   = "%%CITATION = ARXIV:1509.02114;%%"
}


@ARTICLE{DHK07,
  author = {Dvali, Gia and Hofmann, Stefan and Khoury, Justin},
  title = {{Degravitation of the cosmological constant and graviton width}},
  journal = {Phys. Rev.},
  year = {2007},
  volume = {D76},
  pages = {084006},
  archiveprefix = {arXiv},
  doi = {10.1103/PhysRevD.76.084006},
  eprint = {hep-th/0703027},
  primaryclass = {HEP-TH},
  slaccitation = {%%CITATION = HEP-TH/0703027;%%}
}

@ARTICLE{DvP09,
  author = {Dvali, Gia and Pujolas, Oriol},
  title = {{Micro Black Holes and the Democratic Transition}},
  journal = {Phys. Rev.},
  year = {2009},
  volume = {D79},
  pages = {064032},
  note = {},
  archiveprefix = {arXiv},
  doi = {10.1103/PhysRevD.79.064032},
  eprint = {0812.3442},
  primaryclass = {hep-th},
  reportnumber = {CERN-PH-TH-2008-250},
  slaccitation = {%%CITATION = ARXIV:0812.3442;%%}
}

@ARTICLE{Dym92,
  author = {Dymnikova, I.},
  title = {{Vacuum nonsingular black hole}},
  journal = {Gen.Rel.Grav.},
  year = {1992},
  volume = {24},
  pages = {235-242},
  doi = {10.1007/BF00760226},
  slaccitation = {%%CITATION = GRGVA,24,235;%%}
}

@BOOK{Efi85,
  title = {Problems of the quantum theory of nonlocal interactions},
  publisher = {Nauka Publishers},
  year = {1985},
  author = {Efimov, G. V.},
  address = {Moscow, Russia}
}

@BOOK{Efi77,
  title = {Nonlocal interactions of quantum fields},
  publisher = {Nauka Publishers},
  year = {1977},
  author = {Efimov, G. V.},
  address = {Moscow, Russia}
}

@ARTICLE{Efi67,
  author = {Efimov, G. V.},
  title = {{Non-local quantum theory of the scalar field}},
  journal = {Commun. Math. Phys.},
  year = {1967},
  volume = {5},
  pages = {42}
}

@ARTICLE{EMK91,
  author = {Evens, D. and Moffat, J.W. and Kleppe, G. and Woodard, R.P.},
  title = {{Nonlocal regularizations of gauge theories}},
  journal = {Phys.Rev.},
  year = {1991},
  volume = {D43},
  pages = {499-519},
  doi = {10.1103/PhysRevD.43.499},
  reportnumber = {UTPT-90-08, UFIFT-HEP-90-15},
  slaccitation = {%%CITATION = PHRVA,D43,499;%%}
}

@ARTICLE{FeS02,
  author = {Feng, Jonathan L. and Shapere, Alfred D.},
  title = {{Black hole production by cosmic rays}},
  journal = {Phys. Rev. Lett.},
  year = {2002},
  volume = {88},
  pages = {021303},
  note = {},
  archiveprefix = {arXiv},
  doi = {10.1103/PhysRevLett.88.021303},
  eprint = {hep-ph/0109106},
  primaryclass = {hep-ph},
  reportnumber = {MIT-CTP-3182, UCI-TR-2001-27, UK-01-07},
  slaccitation = {%%CITATION = HEP-PH/0109106;%%}
}

@ARTICLE{For87,
  author = {Ford, L. H.},
  title = {{Gravitational particle creation and inflation}},
  journal = {Phys. Rev.},
  year = {1987},
  volume = {D35},
  pages = {2955},
  doi = {10.1103/PhysRevD.35.2955},
  slaccitation = {%%CITATION = PHRVA,D35,2955;%%}
}

@ARTICLE{Fra16,
  author = {Frassino, Antonia Micol},
  title = {{Phase transitions of regular Schwarzschild-Anti-deSitter black holes}},
  journal = {Springer Proc. Phys.},
  year = {2016},
  volume = {170},
  pages = {241-247},
  note = {},
  archiveprefix = {arXiv},
  booktitle = {{Thermodynamic of Distorted Reissner-Nordstr\"om Black Holes in Five-dimensions}},
  doi = {10.1007/978-3-319-20046-0_28},
  eprint = {1502.01305},
  primaryclass = {hep-th},
  slaccitation = {%%CITATION = ARXIV:1502.01305;%%}
}

@ARTICLE{FKN16,
  author = {Frassino, Antonia M. and Köppel, Sven and Nicolini, Piero},
  title = {{Geometric model of black hole quantum $N$-portrait, extradimensions
	and thermodynamics}},
  journal = {Entropy},
  year = {2016},
  volume = {18},
  pages = {181},
  archiveprefix = {arXiv},
  doi = {10.3390/e18050181},
  eprint = {1604.03263},
  primaryclass = {gr-qc},
  slaccitation = {%%CITATION = ARXIV:1604.03263;%%}
}

@ARTICLE{GHS10,
  author = {Gaete, P. and Helayel-Neto, J. A. and Spallucci, E.},
  title = {{Un-graviton corrections to the Schwarzschild black hole}},
  journal = {Phys. Lett.},
  year = {2010},
  volume = {B693},
  pages = {155-158},
  note = {},
  archiveprefix = {arXiv},
  doi = {10.1016/j.physletb.2010.07.058},
  eprint = {1005.0234},
  primaryclass = {hep-ph},
  slaccitation = {%%CITATION = 1005.0234;%%}
}

@ARTICLE{GaL09,
  author = {Garattini, R. and Lobo, F. S. N.},
  title = {{Self-sustained traversable wormholes in noncommutative geometry}},
  journal = {Phys. Lett.},
  year = {2009},
  volume = {B671},
  pages = {146-152},
  archiveprefix = {arXiv},
  doi = {10.1016/j.physletb.2008.11.064},
  eprint = {0811.0919},
  primaryclass = {gr-qc},
  slaccitation = {%%CITATION = 0811.0919;%%}
}

@ARTICLE{GaN10,
  author = {Garattini, R. and Nicolini, P.},
  title = {{A noncommutative approach to the cosmological constant problem}},
  journal = {Phys. Rev.},
  year = {2011},
  volume = {D83},
  pages = {064021},
  archiveprefix = {arXiv},
  eprint = {1006.5418},
  primaryclass = {gr-qc},
  slaccitation = {%%CITATION = 1006.5418;%%}
}

@ARTICLE{Gar95,
  author = {Garay, L. J.},
  title = {{Quantum gravity and minimum length}},
  journal = {Int.J.Mod.Phys.},
  year = {1995},
  volume = {A10},
  pages = {145-166},
  archiveprefix = {arXiv},
  doi = {10.1142/S0217751X95000085},
  eprint = {gr-qc/9403008},
  primaryclass = {gr-qc},
  reportnumber = {IMPERIAL-TP-93-94-20},
  slaccitation = {%%CITATION = GR-QC/9403008;%%}
}

@ARTICLE{GaV03,
  author = {Gasperini, M. and Veneziano, G.},
  title = {{The pre-big bang scenario in string cosmology}},
  journal = {Phys. Rept.},
  year = {2003},
  volume = {373},
  pages = {1-212},
  archiveprefix = {arXiv},
  doi = {10.1016/S0370-1573(02)00389-7},
  eprint = {hep-th/0207130},
  slaccitation = {%%CITATION = HEP-TH/0207130;%%}
}

@ARTICLE{GKM88,
  author = {Gegenberg, J. and Kelly, P.F. and Mann, Robert B. and Vincent, D.},
  title = {{Theories of gravitation in two-dimensions}},
  journal = {Phys.Rev.},
  year = {1988},
  volume = {D37},
  pages = {3463},
  doi = {10.1103/PhysRevD.37.3463},
  reportnumber = {WATPHYS-TH88-01},
  slaccitation = {%%CITATION = PHRVA,D37,3463;%%}
}

@ARTICLE{GiT02,
  author = {Giddings, Steven B. and Thomas, Scott D.},
  title = {{High-energy colliders as black hole factories: The End of short
	distance physics}},
  journal = {Phys.Rev.},
  year = {2002},
  volume = {D65},
  pages = {056010},
  note = {},
  archiveprefix = {arXiv},
  doi = {10.1103/PhysRevD.65.056010},
  eprint = {hep-ph/0106219},
  primaryclass = {hep-ph},
  reportnumber = {NSF-ITP-01-62, SU-ITP-01-30},
  slaccitation = {%%CITATION = HEP-PH/0106219;%%}
}

@INBOOK{Gil00,
  pages = {175},
  title = {Pierre-Simon Laplace, 1749-1827: a life in exact science},
  publisher = {Princeton University Press},
  year = {2000},
  author = {Gillispie, C. C.},
  volume = .,
  month = .
}

@ARTICLE{Gin10,
  author = {Gingrich, D. M.},
  title = {{Noncommutative geometry inspired black holes in higher dimensions
	at the LHC}},
  journal = {JHEP},
  year = {2010},
  volume = {05},
  pages = {022},
  archiveprefix = {arXiv},
  doi = {10.1007/JHEP05(2010)022},
  eprint = {1003.1798},
  primaryclass = {hep-ph},
  slaccitation = {%%CITATION = 1003.1798;%%}
}

@ARTICLE{GiP83,
  author = {Ginsparg, Paul H. and Perry, Malcolm J.},
  title = {{Semiclassical perdurance of de Sitter space}},
  journal = {Nucl.Phys.},
  year = {1983},
  volume = {B222},
  pages = {245},
  doi = {10.1016/0550-3213(83)90636-3},
  reportnumber = {HUTP-82/A035},
  slaccitation = {%%CITATION = NUPHA,B222,245;%%}
}

@BOOK{GKL03,
  title = {Quantum Gravity: From Theory to Experimental Search},
  publisher = {Springer},
  year = {2003},
  author = {Giulini, D. and Kiefer, C. and Laemmerzahl (Eds), C.}
}

@ARTICLE{Gog02,
  author = {Gogberashvili, Merab},
  title = {{Hierarchy problem in the shell universe model}},
  journal = {Int. J. Mod. Phys.},
  year = {2002},
  volume = {D11},
  pages = {1635-1638},
  note = {},
  archiveprefix = {arXiv},
  doi = {10.1142/S0218271802002992},
  eprint = {hep-ph/9812296},
  primaryclass = {hep-ph},
  slaccitation = {%%CITATION = HEP-PH/9812296;%%}
}

@ARTICLE{Gog00,
  author = {Gogberashvili, Merab},
  title = {{Our world as an expanding shell}},
  journal = {Europhys. Lett.},
  year = {2000},
  volume = {49},
  pages = {396-399},
  note = {},
  archiveprefix = {arXiv},
  doi = {10.1209/epl/i2000-00162-1},
  eprint = {hep-ph/9812365},
  primaryclass = {hep-ph},
  slaccitation = {%%CITATION = HEP-PH/9812365;%%}
}

@ARTICLE{Gog99,
  author = {Gogberashvili, Merab},
  title = {{Four dimensionality in noncompact Kaluza-Klein model}},
  journal = {Mod. Phys. Lett.},
  year = {1999},
  volume = {A14},
  pages = {2025-2032},
  note = {},
  archiveprefix = {arXiv},
  doi = {10.1142/S021773239900208X},
  eprint = {hep-ph/9904383},
  primaryclass = {hep-ph},
  slaccitation = {%%CITATION = HEP-PH/9904383;%%}
}

@ARTICLE{GPY82,
  author = {Gross, D.J. and Perry, M.J. and Yaffe, L.G.},
  title = {{Instability of flat space at finite temperature}},
  journal = {Phys.Rev.},
  year = {1982},
  volume = {D25},
  pages = {330-355},
  doi = {10.1103/PhysRevD.25.330},
  slaccitation = {%%CITATION = PHRVA,D25,330;%%}
}

@ARTICLE{GrM88,
  author = {Gross, David J. and Mende, Paul F.},
  title = {{String Theory Beyond the Planck Scale}},
  journal = {Nucl. Phys.},
  year = {1988},
  volume = {B303},
  pages = {407},
  doi = {10.1016/0550-3213(88)90390-2},
  reportnumber = {PUPT-1067},
  slaccitation = {%%CITATION = NUPHA,B303,407;%%}
}

@ARTICLE{GrJ10,
  author = {Grumiller, D. and Jackiw, R.},
  title = {{Liouville gravity from Einstein gravity}},
  year = {2010},
  note = {In ``Recent developments in theoretical physics'', edited by S. Gosh
	and G. Kar (World Scientific, Singapore, 2010) p 331.},
  archiveprefix = {arXiv},
  eprint = {0712.3775},
  primaryclass = {gr-qc},
  reportnumber = {MIT-CTP-3925},
  slaccitation = {%%CITATION = ARXIV:0712.3775;%%}
}

@ARTICLE{GKV02,
  author = {Grumiller, D. and Kummer, W. and Vassilevich, D.V.},
  title = {{Dilaton gravity in two-dimensions}},
  journal = {Phys.Rept.},
  year = {2002},
  volume = {369},
  pages = {327-430},
  archiveprefix = {arXiv},
  eprint = {hep-th/0204253},
  primaryclass = {hep-th},
  reportnumber = {TUW-02-01},
  slaccitation = {%%CITATION = HEP-TH/0204253;%%}
}

@ARTICLE{GrM06,
  author = {Grumiller, Daniel and Meyer, Rene},
  title = {{Ramifications of lineland}},
  journal = {Turk.J.Phys.},
  year = {2006},
  volume = {30},
  pages = {349-378},
  archiveprefix = {arXiv},
  eprint = {hep-th/0604049},
  primaryclass = {hep-th},
  reportnumber = {LU-ITP-2006-004},
  slaccitation = {%%CITATION = HEP-TH/0604049;%%}
}

@ARTICLE{Gru05,
  author = {Gruppuso, A.},
  title = {{Newton's law in an effective non commutative space-time}},
  journal = {J. Phys.},
  year = {2005},
  volume = {A38},
  pages = {2039-2042},
  archiveprefix = {arXiv},
  doi = {10.1088/0305-4470/38/9/014},
  eprint = {hep-th/0502144},
  slaccitation = {%%CITATION = HEP-TH/0502144;%%}
}

@INPROCEEDINGS{gupt97,
  author = {R. K. Gupta and S. D. Senturia},
  title = {Pull-in Time Dynamics as a Measure of Absolute Pressure},
  booktitle = {Proc. {IEEE} Int. Workshop on Microelectromechanical Systems ({MEMS}'97)},
  year = {1997},
  pages = {290-294},
  address = {Nagoya, Japan},
  month = jan
}

@ARTICLE{HaK03,
  author = {Harris, C. M. and Kanti, P.},
  title = {{Hawking radiation from a (4+n)-dimensional black hole: Exact results
	for the Schwarzschild phase}},
  journal = {JHEP},
  year = {2003},
  volume = {0310},
  pages = {014},
  archiveprefix = {arXiv},
  eprint = {hep-ph/0309054},
  primaryclass = {hep-ph},
  reportnumber = {CAVENDISH-HEP-03-17, CERN-TH-2003-205},
  slaccitation = {%%CITATION = HEP-PH/0309054;%%}
}

@ARTICLE{Haw92,
  author = {Hawking, S.W.},
  title = {{The chronology protection conjecture}},
  journal = {Phys.Rev.},
  year = {1992},
  volume = {D46},
  pages = {603-611},
  doi = {10.1103/PhysRevD.46.603},
  reportnumber = {DAMTP-R-91-15},
  slaccitation = {%%CITATION = PHRVA,D46,603;%%}
}

@ARTICLE{Haw75,
  author = {Hawking, S.W.},
  title = {{Particle creation by black holes}},
  journal = {Commun. Math. Phys.},
  year = {1975},
  volume = {43},
  pages = {199-220},
  doi = {10.1007/BF02345020, 10.1007/BF02345020},
  slaccitation = {%%CITATION = CMPHA,43,199;%%}
}

@ARTICLE{HaP83,
  author = {Hawking, S.W. and Page, D. N.},
  title = {{Thermodynamics of black holes in anti-deSitter space}},
  journal = {Commun.Math.Phys.},
  year = {1983},
  volume = {87},
  pages = {577},
  doi = {10.1007/BF01208266},
  reportnumber = {PRINT-83-0019 (CAMBRIDGE)},
  slaccitation = {%%CITATION = CMPHA,87,577;%%}
}

@INPROCEEDINGS{Haw15,
  author = {Hawking, S. W.},
  title = {{The Information Paradox for Black Holes}},
  year = {2015},
  note = {},
  archiveprefix = {arXiv},
  eprint = {1509.01147},
  primaryclass = {hep-th},
  reportnumber = {DAMTP-2015-49},
  slaccitation = {%%CITATION = ARXIV:1509.01147;%%},
  url = {https://inspirehep.net/record/1391640/files/arXiv:1509.01147.pdf}
}

@ARTICLE{Haw14,
  author = {Hawking, S. W.},
  title = {{Information Preservation and Weather Forecasting for Black Holes}},
  year = {2014},
  note = {},
  archiveprefix = {arXiv},
  eprint = {1401.5761},
  primaryclass = {hep-th},
  slaccitation = {%%CITATION = ARXIV:1401.5761;%%}
}

@ARTICLE{HPS16,
  author = {Hawking, Stephen W. and Perry, Malcolm J. and Strominger, Andrew},
  title = {{Soft Hair on Black Holes}},
  year = {2016},
  note = {},
  archiveprefix = {arXiv},
  eprint = {1601.00921},
  primaryclass = {hep-th},
  slaccitation = {%%CITATION = ARXIV:1601.00921;%%}
}

@ARTICLE{Hay06,
  author = {Hayward, Sean A.},
  title = {{Formation and evaporation of regular black holes}},
  journal = {Phys.Rev.Lett.},
  year = {2006},
  volume = {96},
  pages = {031103},
  archiveprefix = {arXiv},
  doi = {10.1103/PhysRevLett.96.031103},
  eprint = {gr-qc/0506126},
  primaryclass = {gr-qc},
  slaccitation = {%%CITATION = GR-QC/0506126;%%}
}

@UNPUBLISHED{hear94,
  author = {H. C. Heard and I. V. Borg and N. L. Carter and C. B. Raleigh},
  title = {{VoQS: Voice Quality Symbols}},
  note = {Revised to 1994},
  year = {1994}
}

@ARTICLE{Hei38,
  author = {Heisenberg, W.},
  title = {{The universal length appearing in the theory of elementary particles}},
  journal = {Ann. Phys.},
  year = {1938},
  volume = {32},
  pages = {20-33},
  note = {In *Miller, A.I.: \textit{Early quantum electrodynamics}* 244-253
	(1996).}
}

@ARTICLE{Hen85,
  author = {Henneaux, M.},
  title = {{Quantum gravity in two-dimensions: exact solution of the Jackiw
	model}},
  journal = {Phys.Rev.Lett.},
  year = {1985},
  volume = {54},
  pages = {959-962},
  doi = {10.1103/PhysRevLett.54.959},
  slaccitation = {%%CITATION = PRLTA,54,959;%%}
}

@ARTICLE{HKM04,
  author = {Hinchliffe, I. and Kersting, N. and Ma, Y.L.},
  title = {{Review of the phenomenology of noncommutative geometry}},
  journal = {Int.J.Mod.Phys.},
  year = {2004},
  volume = {A19},
  pages = {179-204},
  archiveprefix = {arXiv},
  doi = {10.1142/S0217751X04020403},
  eprint = {hep-ph/0205040},
  primaryclass = {hep-ph},
  reportnumber = {LBNL-50207},
  slaccitation = {%%CITATION = HEP-PH/0205040;%%}
}

@TECHREPORT{hobb92,
  author = {John D. Hobby},
  title = {{A User's Manual for MetaPost}},
  institution = {AT\&T Bell Laboratories},
  year = {1992},
  number = {162},
  address = {Murray Hill, New Jersey},
  month = {apr},
  date = {April 1992},
  language = {english},
  npages = {ii+88~pages}
}

@ARTICLE{HAG09,
  author = {Hoedl, S. A. and Adelberger, E. G. and Gundlach, J. and Heckel, B.
	R. and Schlamminger, S.},
  title = {{Gravity scale particle physics with torsion pendulums}},
  journal = {Conf.Proc.},
  year = {2009},
  volume = {C0908171},
  pages = {205-214},
  doi = {10.3204/DESY-PROC-2010-04/28},
  slaccitation = {%%CITATION = CONFP,C0908171,205;%%}
}

@ARTICLE{HoS07,
  author = {Hollowood, T. J. and Shore, G. M.},
  title = {{Causality and micro-causality in curved spacetime}},
  journal = {Phys. Lett.},
  year = {2007},
  volume = {B655},
  pages = {67-74},
  archiveprefix = {arXiv},
  doi = {10.1016/j.physletb.2007.08.073},
  eprint = {0707.2302},
  primaryclass = {hep-th},
  slaccitation = {%%CITATION = 0707.2302;%%}
}

@ARTICLE{tHo93,
  author = {'t Hooft, G.},
  title = {{Dimensional reduction in quantum gravity}},
  year = {1993},
  note = {In ``Salam Fest'' (World Scientific Co. Singapore, 1993). Essay dedicated
	to Abdus Salam},
  archiveprefix = {arXiv},
  eprint = {gr-qc/9310026},
  primaryclass = {gr-qc},
  reportnumber = {THU-93-26},
  slaccitation = {%%CITATION = GR-QC/9310026;%%}
}

@ARTICLE{tHV74,
  author = {'t Hooft, G. and Veltman, M.J.G.},
  title = {{One loop divergencies in the theory of gravitation}},
  journal = {Annales Poincare Phys.Theor.},
  year = {1974},
  volume = {A20},
  pages = {69-94},
  slaccitation = {%%CITATION = AHPAA,A20,69;%%}
}

@ARTICLE{Hos13,
  author = {Hossenfelder, Sabine},
  title = {{Minimal Length Scale Scenarios for Quantum Gravity}},
  journal = {Living Rev. Rel.},
  year = {2013},
  volume = {16},
  pages = {2},
  archiveprefix = {arXiv},
  doi = {10.12942/lrr-2013-2},
  eprint = {1203.6191},
  primaryclass = {gr-qc},
  slaccitation = {%%CITATION = ARXIV:1203.6191;%%}
}

@ARTICLE{Hos04,
  author = {Hossenfelder, Sabine},
  title = {{What black holes can teach us}},
  year = {2004},
  note = {},
  archiveprefix = {arXiv},
  eprint = {hep-ph/0412265},
  primaryclass = {hep-ph},
  slaccitation = {%%CITATION = HEP-PH/0412265;%%}
}

@ARTICLE{HBH03,
  author = {Hossenfelder, Sabine and Bleicher, Marcus and Hofmann, Stefan and
	Stoecker, Horst and Kotwal, Ashutosh V.},
  title = {{Black hole relics in large extra dimensions}},
  journal = {Phys.Lett.},
  year = {2003},
  volume = {B566},
  pages = {233-239},
  archiveprefix = {arXiv},
  doi = {10.1016/S0370-2693(03)00835-9},
  eprint = {hep-ph/0302247},
  primaryclass = {hep-ph},
  slaccitation = {%%CITATION = HEP-PH/0302247;%%}
}

@ARTICLE{HHB02,
  author = {Hossenfelder, Sabine and Hofmann, Stefan and Bleicher, Marcus and
	Stoecker, Horst},
  title = {{Quasistable black holes at CERN LHC}},
  journal = {Phys.Rev.},
  year = {2002},
  volume = {D66},
  pages = {101502},
  archiveprefix = {arXiv},
  doi = {10.1103/PhysRevD.66.101502},
  eprint = {hep-ph/0109085},
  primaryclass = {hep-ph},
  slaccitation = {%%CITATION = HEP-PH/0109085;%%}
}

@ARTICLE{Hoy04,
  author = {Hoyle, C. D. and others},
  title = {{Sub-millimeter tests of the gravitational inverse-square law}},
  journal = {Phys. Rev.},
  year = {2004},
  volume = {D70},
  pages = {042004},
  archiveprefix = {arXiv},
  doi = {10.1103/PhysRevD.70.042004},
  eprint = {hep-ph/0405262},
  slaccitation = {%%CITATION = HEP-PH/0405262;%%}
}

@ARTICLE{IMN13,
  author = {Isi, M. and Mureika, J. and Nicolini, P.},
  title = {{Self-Completeness and the Generalized Uncertainty Principle}},
  journal = {JHEP},
  year = {2013},
  volume = {1311},
  pages = {139},
  note = {},
  archiveprefix = {arXiv},
  doi = {10.1007/JHEP11(2013)139},
  eprint = {1310.8153},
  primaryclass = {hep-th},
  slaccitation = {%%CITATION = ARXIV:1310.8153;%%}
}

@ARTICLE{Jac06,
  author = {Jackiw, R.},
  title = {{Weyl symmetry and the Liouville theory}},
  journal = {Theor.Math.Phys.},
  year = {2006},
  volume = {148},
  pages = {941-947},
  archiveprefix = {arXiv},
  doi = {10.1007/s11232-006-0090-9, 10.1007/s11232-006-0090-9},
  eprint = {hep-th/0511065},
  primaryclass = {hep-th},
  reportnumber = {MIT-CTP-3699},
  slaccitation = {%%CITATION = HEP-TH/0511065;%%}
}

@ARTICLE{Jac84,
  author = {Jackiw, R.},
  title = {{Liouville field theory: a two-dimensional model for gravity?}},
  year = {1982},
  note = {In ``Quantum Theory Of Gravity'', edited by S. Christensen, pp. 403-420
	(Adam Hilgar, Bristol, 1984)},
  slaccitation = {%%CITATION = MIT-CTP-1049 ETC.;%%}
}

@ARTICLE{Jac95,
  author = {Jacobson, Ted},
  title = {{Thermodynamics of space-time: The Einstein equation of state}},
  journal = {Phys.Rev.Lett.},
  year = {1995},
  volume = {75},
  pages = {1260-1263},
  archiveprefix = {arXiv},
  doi = {10.1103/PhysRevLett.75.1260},
  eprint = {gr-qc/9504004},
  primaryclass = {gr-qc},
  reportnumber = {UMDGR-95-114},
  slaccitation = {%%CITATION = GR-QC/9504004;%%}
}

@ARTICLE{JaN65,
  author = {Janis, A.I. and Newman, E.T.},
  title = {{Structure of gravitational sources}},
  journal = {J.Math.Phys.},
  year = {1965},
  volume = {6},
  pages = {902-914},
  doi = {10.1063/1.1704349},
  slaccitation = {%%CITATION = JMAPA,6,902;%%}
}

@BOOK{jarl88,
  title = {CP {V}iolation},
  publisher = {World Scientific},
  year = {1988},
  author = {C. Jarlskog},
  address = {Singapore}
}

@INCOLLECTION{dani73,
  author = {Jones, Daniel},
  title = {{The term `phoneme'}},
  booktitle = {Phonetics in Linguistics: A Book of Reading},
  publisher = {Longman},
  year = {1973},
  editor = {Jones, W. E. and Laver, J.},
  pages = {187--204},
  address = {London}
}

@ARTICLE{Kan04,
  author = {Kanti, P.},
  title = {{Black holes in theories with large extra dimensions: A Review}},
  journal = {Int.J.Mod.Phys.},
  year = {2004},
  volume = {A19},
  pages = {4899-4951},
  note = {},
  archiveprefix = {arXiv},
  doi = {10.1142/S0217751X04018324},
  eprint = {hep-ph/0402168},
  primaryclass = {hep-ph},
  slaccitation = {%%CITATION = HEP-PH/0402168;%%}
}

@ARTICLE{KaW15,
  author = {Kanti, Panagiota and Winstanley, Elizabeth},
  title = {{Hawking Radiation from Higher-Dimensional Black Holes}},
  journal = {Fundam. Theor. Phys.},
  year = {2015},
  volume = {178},
  pages = {229-265},
  note = {},
  archiveprefix = {arXiv},
  doi = {10.1007/978-3-319-10852-0_8},
  eprint = {1402.3952},
  primaryclass = {hep-th},
  slaccitation = {%%CITATION = ARXIV:1402.3952;%%}
}

@ARTICLE{KMM95,
  author = {Kempf, A. and Mangano, G. and Mann, R. B.},
  title = {{Hilbert space representation of the minimal length uncertainty relation}},
  journal = {Phys.Rev.},
  year = {1995},
  volume = {D52},
  pages = {1108-1118},
  archiveprefix = {arXiv},
  doi = {10.1103/PhysRevD.52.1108},
  eprint = {hep-th/9412167},
  primaryclass = {hep-th},
  reportnumber = {DAMTP-94-105},
  slaccitation = {%%CITATION = HEP-TH/9412167;%%}
}

@TECHREPORT{bria84,
  author = {Kernighan, Brian W.},
  title = {{PIC}---{A} Graphics Language for Typesetting},
  institution = {AT\&T Bell Laboratories},
  year = {1984},
  type = {Computing Science Technical Report},
  number = {116},
  address = {Murray Hill, New Jersey}
}

@ARTICLE{Ker63,
  author = {Kerr, Roy P.},
  title = {{Gravitational field of a spinning mass as an example of algebraically
	special metrics}},
  journal = {Phys.Rev.Lett.},
  year = {1963},
  volume = {11},
  pages = {237-238},
  doi = {10.1103/PhysRevLett.11.237},
  slaccitation = {%%CITATION = PRLTA,11,237;%%}
}

@ARTICLE{KeH11,
  author = {Kesden, Michael and Hanasoge, Shravan},
  title = {{Transient solar oscillations driven by primordial black holes}},
  journal = {Phys.Rev.Lett.},
  year = {2011},
  volume = {107},
  pages = {111101},
  archiveprefix = {arXiv},
  doi = {10.1103/PhysRevLett.107.111101},
  eprint = {1106.0011},
  primaryclass = {astro-ph.CO},
  slaccitation = {%%CITATION = ARXIV:1106.0011;%%}
}

@ARTICLE{CMS15c,
  author = {Khachatryan, Vardan and others},
  title = {{Search for resonances and quantum black holes using dijet mass spectra
	in proton-proton collisions at $\sqrt{s} =$ 8 TeV}},
  journal = {Phys. Rev.},
  year = {2015},
  volume = {D91},
  pages = {052009},
  number = {5},
  note = {},
  archiveprefix = {arXiv},
  collaboration = {CMS},
  doi = {10.1103/PhysRevD.91.052009},
  eprint = {1501.04198},
  primaryclass = {hep-ex},
  reportnumber = {CMS-EXO-12-059, CERN-PH-EP-2014-300},
  slaccitation = {%%CITATION = ARXIV:1501.04198;%%}
}

@ARTICLE{CMS11b,
  author = {Khachatryan, Vardan and others},
  title = {{Search for Microscopic Black Hole Signatures at the Large Hadron
	Collider}},
  journal = {Phys.Lett.},
  year = {2011},
  volume = {B697},
  pages = {434-453},
  note = {CMS Collaboration},
  archiveprefix = {arXiv},
  eprint = {1012.3375},
  primaryclass = {hep-ex},
  reportnumber = {FERMILAB-PUB-10-620-CMS, CMS-EXO-10-017, CERN-PH-EP-2010-073},
  slaccitation = {%%CITATION = ARXIV:1012.3375;%%}
}

@BOOK{Kie12,
  title = {Quantum Gravity},
  publisher = {Oxford University Press},
  year = {2012},
  author = {Kiefer, C.},
  edition = {3rd}
}

@ARTICLE{KoN10,
  author = {Kober, M. and Nicolini, P.},
  title = {{Minimal scales from an extended Hilbert space}},
  journal = {Class. Quant. Grav.},
  year = {2010},
  volume = {27},
  pages = {245024},
  archiveprefix = {arXiv},
  doi = {10.1088/0264-9381/27/24/245024},
  eprint = {1005.3293},
  primaryclass = {hep-th},
  slaccitation = {%%CITATION = 1005.3293;%%}
}

@ARTICLE{KBH05,
  author = {Koch, Benjamin and Bleicher, Marcus and Hossenfelder, Sabine},
  title = {{Black hole remnants at the LHC}},
  journal = {JHEP},
  year = {2005},
  volume = {0510},
  pages = {053},
  archiveprefix = {arXiv},
  doi = {10.1088/1126-6708/2005/10/053},
  eprint = {hep-ph/0507138},
  primaryclass = {hep-ph},
  slaccitation = {%%CITATION = HEP-PH/0507138;%%}
}

@ARTICLE{KPP90,
  author = {Konishi, Kenichi and Paffuti, Giampiero and Provero, Paolo},
  title = {{Minimum Physical Length and the Generalized Uncertainty Principle
	in String Theory}},
  journal = {Phys. Lett.},
  year = {1990},
  volume = {B234},
  pages = {276},
  doi = {10.1016/0370-2693(90)91927-4},
  reportnumber = {IFUP-TH-46-89, GEF-TH-89-9},
  slaccitation = {%%CITATION = PHLTA,B234,276;%%}
}

@ARTICLE{KoP10,
  author = {Kothawala, D. and Padmanabhan, T.},
  title = {{Response of Unruh-DeWitt detector with time-dependent acceleration}},
  journal = {Phys.Lett.},
  year = {2010},
  volume = {B690},
  pages = {201-206},
  archiveprefix = {arXiv},
  doi = {10.1016/j.physletb.2010.05.026},
  eprint = {0911.1017},
  primaryclass = {gr-qc},
  slaccitation = {%%CITATION = ARXIV:0911.1017;%%}
}

@ARTICLE{KRT02,
  author = {Kowalski, M. and Ringwald, A. and Tu, H.},
  title = {{Black holes at neutrino telescopes}},
  journal = {Phys. Lett.},
  year = {2002},
  volume = {B529},
  pages = {1-9},
  note = {},
  archiveprefix = {arXiv},
  doi = {10.1016/S0370-2693(02)01235-2},
  eprint = {hep-ph/0201139},
  primaryclass = {hep-ph},
  reportnumber = {DESY-02-001},
  slaccitation = {%%CITATION = HEP-PH/0201139;%%}
}

@ARTICLE{Kra87,
  author = {Krasnikov, N.V.},
  title = {{Nonlocal gauge theories}},
  journal = {Theor.Math.Phys.},
  year = {1987},
  volume = {73},
  pages = {1184-1190},
  doi = {10.1007/BF01017588},
  slaccitation = {%%CITATION = TMPHA,73,1184;%%}
}

@ARTICLE{KuM12,
  author = {Kubiznak, D. and Mann, R. B.},
  title = {{P-V criticality of charged AdS black holes}},
  journal = {JHEP},
  year = {2012},
  volume = {1207},
  pages = {033},
  archiveprefix = {arXiv},
  doi = {10.1007/JHEP07(2012)033},
  eprint = {1205.0559},
  primaryclass = {hep-th},
  slaccitation = {%%CITATION = ARXIV:1205.0559;%%}
}

@ARTICLE{LaC11,
  author = {Laiho, J. and Coumbe, D.},
  title = {{Evidence for Asymptotic Safety from Lattice Quantum Gravity}},
  journal = {Phys.Rev.Lett.},
  year = {2011},
  volume = {107},
  pages = {161301},
  archiveprefix = {arXiv},
  doi = {10.1103/PhysRevLett.107.161301},
  eprint = {1104.5505},
  primaryclass = {hep-lat},
  slaccitation = {%%CITATION = ARXIV:1104.5505;%%}
}

@ARTICLE{LaC16,
  author = {Lake, Matthew J. and Carr, Bernard},
  title = {{The Compton-Schwarzschild relations in higher dimensions}},
  year = {2016},
  archiveprefix = {arXiv},
  eprint = {1611.01913},
  primaryclass = {gr-qc},
  slaccitation = {%%CITATION = ARXIV:1611.01913;%%}
}

@ARTICLE{LaC15,
  author = {Lake, Matthew J. and Carr, Bernard},
  title = {{The Compton-Schwarzschild correspondence from extended de Broglie
	relations}},
  journal = {JHEP},
  year = {2015},
  volume = {11},
  pages = {105},
  note = {},
  archiveprefix = {arXiv},
  doi = {10.1007/JHEP11(2015)105},
  eprint = {1505.06994},
  primaryclass = {gr-qc},
  slaccitation = {%%CITATION = ARXIV:1505.06994;%%}
}

@BOOK{lamp94,
  title = {\LaTeX, A Document Preparation System},
  publisher = {Addison-Wesley},
  year = {1994},
  author = {L. Lamport},
  address = {Reading, MA},
  edition = {2nd}
}

@MANUAL{lamp87,
  title = {Make Index: An Index Processor For LaTeX},
  author = {L. Lamport},
  year = {1987}
}

@INPROCEEDINGS{Lan02,
  author = {Landsberg, Greg L.},
  title = {{Black holes at future colliders and beyond: A Review}},
  booktitle = {{Supersymmetry and unification of fundamental interactions. Proceedings,
	10th International Conference, SUSY'02, Hamburg, Germany, June 17-23,
	2002}},
  year = {2002},
  pages = {562-577},
  note = {},
  archiveprefix = {arXiv},
  eprint = {hep-ph/0211043},
  primaryclass = {hep-ph},
  slaccitation = {%%CITATION = HEP-PH/0211043;%%},
  url = {http://www-library.desy.de/preparch/desy/proc/proc02-02/Proceedings/pl.7/landsberg_pr.pdf}
}

@ARTICLE{jame02,
  author = {Landsberg, James. M. and Manivel, L.},
  title = {Triality, exceptional {L}ie algebras and {D}eligne dimension formulas},
  journal = {Adv. Math.},
  year = {2002},
  volume = {171},
  pages = {59--85},
  number = {1},
  note = {\url{http://www.url.com/triality.html}.},
  coden = {ADMTA4},
  fjournal = {Advances in Mathematics},
  issn = {0001-8708},
  mrclass = {17B20 (17B25)},
  mrnumber = {1 933 384},
  mrreviewer = {Dmitri I. Panyushev}
}

@ARTICLE{LaR05,
  author = {Lauscher, O. and Reuter, M.},
  title = {{Fractal spacetime structure in asymptotically safe gravity}},
  journal = {JHEP},
  year = {2005},
  volume = {0510},
  pages = {050},
  archiveprefix = {arXiv},
  doi = {10.1088/1126-6708/2005/10/050},
  eprint = {hep-th/0508202},
  primaryclass = {hep-th},
  reportnumber = {MZ-TH-05-09},
  slaccitation = {%%CITATION = HEP-TH/0508202;%%}
}

@ARTICLE{Lid99,
  author = {Liddle, Andrew R.},
  title = {{An introduction to cosmological inflation}},
  year = {1999},
  archiveprefix = {arXiv},
  eprint = {astro-ph/9901124},
  slaccitation = {%%CITATION = ASTRO-PH/9901124;%%}
}

@ARTICLE{Lin63,
  author = {Linsley, J.},
  title = {{Evidence for a primary cosmic-ray particle with energy 10**20-eV}},
  journal = {Phys.Rev.Lett.},
  year = {1963},
  volume = {10},
  pages = {146-148},
  doi = {10.1103/PhysRevLett.10.146},
  slaccitation = {%%CITATION = PRLTA,10,146;%%}
}

@MASTERSTHESIS{lodh74,
  author = {Gunter Sergei Lodha},
  title = {Quantitative interpretation of ariborne electromagnetic response
	for a spherical model},
  school = {University of Toronto},
  year = {1974},
  address = {Canada}
}

@ARTICLE{LoT11,
  author = {Lottini, S. and Torrieri, G.},
  title = {{A percolation transition in Yang-Mills matter at finite number of
	colours}},
  journal = {Phys.Rev.Lett.},
  year = {2011},
  volume = {107},
  pages = {152301},
  archiveprefix = {arXiv},
  doi = {10.1103/PhysRevLett.107.152301},
  eprint = {1103.4824},
  primaryclass = {nucl-th},
  slaccitation = {%%CITATION = ARXIV:1103.4824;%%}
}

@ARTICLE{Mag93,
  author = {Maggiore, Michele},
  title = {{A Generalized uncertainty principle in quantum gravity}},
  journal = {Phys. Lett.},
  year = {1993},
  volume = {B304},
  pages = {65-69},
  archiveprefix = {arXiv},
  doi = {10.1016/0370-2693(93)91401-8},
  eprint = {hep-th/9301067},
  primaryclass = {hep-th},
  reportnumber = {IFUP-TH-3-93},
  slaccitation = {%%CITATION = HEP-TH/9301067;%%}
}

@ARTICLE{Mal99,
  author = {Maldacena, Juan Martin},
  title = {{The Large N limit of superconformal field theories and supergravity}},
  journal = {Int. J. Theor. Phys.},
  year = {1999},
  volume = {38},
  pages = {1113-1133},
  note = {},
  archiveprefix = {arXiv},
  doi = {10.1023/A:1026654312961},
  eprint = {hep-th/9711200},
  primaryclass = {hep-th},
  reportnumber = {HUTP-97-A097, HUTP-98-A097},
  slaccitation = {%%CITATION = HEP-TH/9711200;%%}
}

@ARTICLE{MaM11,
  author = {Mann, R.B. and Mureika, J.R.},
  title = {{(1+1)-Dimensional Entropic Gravity}},
  journal = {Phys.Lett.},
  year = {2011},
  volume = {B703},
  pages = {167-171},
  archiveprefix = {arXiv},
  doi = {10.1016/j.physletb.2011.07.052},
  eprint = {1105.5925},
  primaryclass = {hep-th},
  slaccitation = {%%CITATION = ARXIV:1105.5925;%%}
}

@ARTICLE{Man94,
  author = {Mann, Robert B.},
  title = {{Liouville black holes}},
  journal = {Nucl.Phys.},
  year = {1994},
  volume = {B418},
  pages = {231-256},
  archiveprefix = {arXiv},
  doi = {10.1016/0550-3213(94)90246-1},
  eprint = {hep-th/9308034},
  primaryclass = {hep-th},
  reportnumber = {WATPHYS-TH-93-03},
  slaccitation = {%%CITATION = HEP-TH/9308034;%%}
}

@ARTICLE{Man92,
  author = {Mann, Robert B.},
  title = {{Lower dimensional black holes}},
  journal = {Gen.Rel.Grav.},
  year = {1992},
  volume = {24},
  pages = {433-449},
  doi = {10.1007/BF00760418},
  reportnumber = {WATPHYS-TH-91-06},
  slaccitation = {%%CITATION = GRGVA,24,433;%%}
}

@ARTICLE{MMS91,
  author = {Mann, Robert B. and Morsink, S.M. and Sikkema, A.E. and Steele, T.G.},
  title = {{Semiclassical gravity in (1+1)-dimensions}},
  journal = {Phys.Rev.},
  year = {1991},
  volume = {D43},
  pages = {3948-3957},
  doi = {10.1103/PhysRevD.43.3948},
  slaccitation = {%%CITATION = PHRVA,D43,3948;%%}
}

@ARTICLE{MaN11,
  author = {Mann, R. B. and Nicolini, P.},
  title = {{Cosmological production of noncommutative black holes}},
  journal = {Phys. Rev.},
  year = {2011},
  volume = {D84},
  pages = {064014},
  note = {},
  archiveprefix = {arXiv},
  eprint = {1102.5096},
  primaryclass = {gr-qc},
  slaccitation = {%%CITATION = 1102.5096;%%}
}

@ARTICLE{MRO99,
  author = {Mann, Robert B. and Robbins, Daniel and Ohta, T.},
  title = {{Exact relativistic two-body motion in lineal gravity}},
  journal = {Phys.Rev.Lett.},
  year = {1999},
  volume = {82},
  pages = {3738-3741},
  archiveprefix = {arXiv},
  doi = {10.1103/PhysRevLett.82.3738},
  eprint = {gr-qc/9811061},
  primaryclass = {gr-qc},
  reportnumber = {WATPHYS-TH-98-09},
  slaccitation = {%%CITATION = GR-QC/9811061;%%}
}

@ARTICLE{MaR93,
  author = {Mann, Robert B. and Ross, S.F.},
  title = {{The $D\to 2$ limit of general relativity}},
  journal = {Class.Quant.Grav.},
  year = {1993},
  volume = {10},
  pages = {1405-1408},
  archiveprefix = {arXiv},
  doi = {10.1088/0264-9381/10/7/015},
  eprint = {gr-qc/9208004},
  primaryclass = {gr-qc},
  reportnumber = {WATPHYS-TH-92-06},
  slaccitation = {%%CITATION = GR-QC/9208004;%%}
}

@ARTICLE{MaR95,
  author = {Mann, R. B. and Ross, S. F.},
  title = {{Cosmological production of charged black hole pairs}},
  journal = {Phys.Rev.},
  year = {1995},
  volume = {D52},
  pages = {2254-2265},
  note = {},
  archiveprefix = {arXiv},
  doi = {10.1103/PhysRevD.52.2254},
  eprint = {gr-qc/9504015},
  primaryclass = {gr-qc},
  reportnumber = {DAMTP-R-95-9},
  slaccitation = {%%CITATION = GR-QC/9504015;%%}
}

@ARTICLE{MST90,
  author = {Mann, Robert B. and Shiekh, A. and Tarasov, L.},
  title = {{Classical and quantum properties of two-dimensional black holes}},
  journal = {Nucl.Phys.},
  year = {1990},
  volume = {B341},
  pages = {134-154},
  doi = {10.1016/0550-3213(90)90265-F},
  reportnumber = {WATPHYS-TH89/03},
  slaccitation = {%%CITATION = NUPHA,B341,134;%%}
}

@ARTICLE{MaS92,
  author = {Mann, Robert B. and Steele, Thomas G.},
  title = {{Thermodynamics and quantum aspects of black holes in (1+1)-dimensions}},
  journal = {Class.Quant.Grav.},
  year = {1992},
  volume = {9},
  pages = {475-492},
  doi = {10.1088/0264-9381/9/2/012},
  reportnumber = {PRINT-90-0455 (WATERLOO), WATPHYS-TH-90-02},
  slaccitation = {%%CITATION = CQGRD,9,475;%%}
}

@ARTICLE{MFM11,
  author = {Martin-Martinez, E. and Fuentes, I. and Mann, R. B.},
  title = {{Using Berry's phase to detect the Unruh effect at lower accelerations}},
  journal = {Phys.Rev.Lett.},
  year = {2011},
  volume = {107},
  pages = {131301},
  archiveprefix = {arXiv},
  doi = {10.1103/PhysRevLett.107.131301},
  eprint = {1012.2208},
  primaryclass = {quant-ph},
  slaccitation = {%%CITATION = ARXIV:1012.2208;%%}
}

@ARTICLE{MNT12,
  author = {Maslowski, T. and Nowicki, A. and Tkachuk, V. M.},
  title = {{Deformed Heisenberg algebra and minimal length}},
  journal = {J. Phys.},
  year = {2012},
  volume = {A45},
  pages = {075309},
  archiveprefix = {arXiv},
  doi = {10.1088/1751-8113/45/7/075309},
  eprint = {1201.5545},
  primaryclass = {quant-ph},
  slaccitation = {%%CITATION = ARXIV:1201.5545;%%}
}

@ARTICLE{Mav10,
  author = {Mavromatos, N. E.},
  title = {{String quantum gravity, Lorentz-invariance violation and gamma-ray
	astronomy}},
  journal = {Int. J. Mod. Phys.},
  year = {2010},
  volume = {A25},
  pages = {5409-5485},
  archiveprefix = {arXiv},
  doi = {10.1142/S0217751X10050792},
  eprint = {1010.5354},
  primaryclass = {hep-th},
  slaccitation = {%%CITATION = 1010.5354;%%}
}

@ARTICLE{Maz15,
  author = {Maziashvili, Michael},
  title = {{Extra-dimensional generalization of minimum-length deformed QM/QFT
	and some of its phenomenological consequences}},
  journal = {Phys. Rev.},
  year = {2015},
  volume = {D91},
  pages = {064040},
  number = {6},
  archiveprefix = {arXiv},
  doi = {10.1103/PhysRevD.91.064040},
  eprint = {1502.07535},
  primaryclass = {hep-th},
  slaccitation = {%%CITATION = ARXIV:1502.07535;%%}
}

@ARTICLE{Maz13,
  author = {Maziashvili, Michael},
  title = {{Hilbert space representation of higher-dimensional minimum-length
	deformed uncertainty relation and some of its implications for ADD
	model}},
  journal = {JCAP},
  year = {2013},
  volume = {1303},
  pages = {042},
  archiveprefix = {arXiv},
  doi = {10.1088/1475-7516/2013/03/042},
  eprint = {1208.5570},
  primaryclass = {hep-th},
  slaccitation = {%%CITATION = ARXIV:1208.5570;%%}
}

@ARTICLE{Maz12,
  author = {Maziashvili, Michael},
  title = {{Field propagation in a stochastic background space: The rate of
	light incoherence in stellar interferometry}},
  journal = {Phys. Rev.},
  year = {2012},
  volume = {D86},
  pages = {104066},
  archiveprefix = {arXiv},
  doi = {10.1103/PhysRevD.86.104066},
  eprint = {1206.4388},
  primaryclass = {gr-qc},
  slaccitation = {%%CITATION = ARXIV:1206.4388;%%}
}

@ARTICLE{MbK05,
  author = {Mbonye, M. R. and Kazanas, D.},
  title = {{A Non-singular black hole model as a possible end-product of gravitational
	collapse}},
  journal = {Phys.Rev.},
  year = {2005},
  volume = {D72},
  pages = {024016},
  archiveprefix = {arXiv},
  doi = {10.1103/PhysRevD.72.024016},
  eprint = {gr-qc/0506111},
  primaryclass = {gr-qc},
  slaccitation = {%%CITATION = GR-QC/0506111;%%}
}

@ARTICLE{MeR08,
  author = {Meade, P. and Randall, L.},
  title = {{Black Holes and Quantum Gravity at the LHC}},
  journal = {JHEP},
  year = {2008},
  volume = {0805},
  pages = {003},
  archiveprefix = {arXiv},
  doi = {10.1088/1126-6708/2008/05/003},
  eprint = {0708.3017},
  primaryclass = {hep-ph},
  slaccitation = {%%CITATION = ARXIV:0708.3017;%%}
}

@ARTICLE{MAP89,
  author = {Membrado, M. and Abad, J. and Pacheco, A.F. and Sanudo, J.},
  title = {{Newtonian boson spheres}},
  journal = {Phys.Rev.},
  year = {1989},
  volume = {D40},
  pages = {2736-2738},
  doi = {10.1103/PhysRevD.40.2736},
  slaccitation = {%%CITATION = PHRVA,D40,2736;%%}
}

@ARTICLE{Mic84,
  author = {Michell, J},
  title = {{ On the Means of Discovering the Distance, Magnitude, etc. of the
	Fixed Stars, in Consequence of the Diminution of the Velocity of
	Their Light, in Case Such a Diminution Should be Found to Take Place
	in any of Them, and Such Other Data Should be Procured from Observations,
	as Would be Farther Necessary for That Purpose}},
  journal = {Phil. Trans. Roy. Soc. London},
  year = {1784},
  volume = {74},
  pages = {35-57}
}

@ARTICLE{Mod12a,
  author = {Modesto, L.},
  title = {{Super-renormalizable Quantum Gravity}},
  journal = {Phys.Rev.},
  year = {2012},
  volume = {D86},
  pages = {044005},
  note = {},
  archiveprefix = {arXiv},
  doi = {10.1103/PhysRevD.86.044005},
  eprint = {1107.2403},
  primaryclass = {hep-th},
  slaccitation = {%%CITATION = ARXIV:1107.2403;%%}
}

@ARTICLE{Mod12b,
  author = {Modesto, L.},
  title = {{Super-renormalizable Higher-Derivative Quantum Gravity}},
  year = {2012},
  archiveprefix = {arXiv},
  eprint = {1202.0008},
  primaryclass = {hep-th},
  slaccitation = {%%CITATION = 1202.0008;%%}
}

@ARTICLE{Mod10,
  author = {Modesto, L.},
  title = {{Semiclassical loop quantum black hole}},
  journal = {Int. J. Theor. Phys.},
  year = {2010},
  volume = {49},
  pages = {1649-1683},
  doi = {10.1007/s10773-010-0346-x},
  slaccitation = {%%CITATION = IJTPB,49,1649;%%}
}

@ARTICLE{Mod09,
  author = {Modesto, L.},
  title = {{Fractal Structure of Loop Quantum Gravity}},
  journal = {Class.Quant.Grav.},
  year = {2009},
  volume = {26},
  pages = {242002},
  archiveprefix = {arXiv},
  doi = {10.1088/0264-9381/26/24/242002},
  eprint = {0812.2214},
  primaryclass = {gr-qc},
  slaccitation = {%%CITATION = ARXIV:0812.2214;%%}
}

@ARTICLE{Mod08,
  author = {Modesto, L.},
  title = {{Gravitational collapse in loop quantum gravity}},
  journal = {Int. J. Theor. Phys.},
  year = {2008},
  volume = {47},
  pages = {357-373},
  archiveprefix = {arXiv},
  doi = {10.1007/s10773-007-9458-3},
  eprint = {gr-qc/0610074},
  slaccitation = {%%CITATION = GR-QC/0610074;%%}
}

@ARTICLE{Mod06,
  author = {Modesto, L.},
  title = {{Loop quantum black hole}},
  journal = {Class. Quant. Grav.},
  year = {2006},
  volume = {23},
  pages = {5587-5602},
  note = {},
  archiveprefix = {arXiv},
  doi = {10.1088/0264-9381/23/18/006},
  eprint = {gr-qc/0509078},
  slaccitation = {%%CITATION = GR-QC/0509078;%%}
}

@ARTICLE{Mod04,
  author = {Modesto, L.},
  title = {{Disappearance of black hole singularity in quantum gravity}},
  journal = {Phys. Rev.},
  year = {2004},
  volume = {D70},
  pages = {124009},
  archiveprefix = {arXiv},
  doi = {10.1103/PhysRevD.70.124009},
  eprint = {gr-qc/0407097},
  slaccitation = {%%CITATION = GR-QC/0407097;%%}
}

@ARTICLE{MMN11,
  author = {Modesto, L. and Moffat, J. W. and Nicolini, P.},
  title = {{Black holes in an ultraviolet complete quantum gravity}},
  journal = {Phys. Lett.},
  year = {2011},
  volume = {B695},
  pages = {397-400},
  note = {},
  archiveprefix = {arXiv},
  doi = {10.1016/j.physletb.2010.11.046},
  eprint = {1010.0680},
  primaryclass = {gr-qc},
  slaccitation = {%%CITATION = 1010.0680;%%}
}

@ARTICLE{MoN10a,
  author = {Modesto, L. and Nicolini, P.},
  title = {{Spectral dimension of a quantum universe}},
  journal = {Phys. Rev.},
  year = {2010},
  volume = {D81},
  pages = {104040},
  archiveprefix = {arXiv},
  doi = {10.1103/PhysRevD.81.104040},
  eprint = {0912.0220},
  primaryclass = {hep-th},
  slaccitation = {%%CITATION = 0912.0220;%%}
}

@ARTICLE{MoN10b,
  author = {Modesto, L. and Nicolini, P.},
  title = {{Charged rotating noncommutative black holes}},
  journal = {Phys. Rev.},
  year = {2010},
  volume = {D82},
  pages = {104035},
  note = {},
  archiveprefix = {arXiv},
  doi = {10.1103/PhysRevD.82.104035},
  eprint = {1005.5605},
  primaryclass = {gr-qc},
  slaccitation = {%%CITATION = 1005.5605;%%}
}

@ARTICLE{MoP09,
  author = {Modesto, L. and Premont-Schwarz, I.},
  title = {{Self-dual black holes in LQG: theory and phenomenology}},
  journal = {Phys. Rev.},
  year = {2009},
  volume = {D80},
  pages = {064041},
  archiveprefix = {arXiv},
  doi = {10.1103/PhysRevD.80.064041},
  eprint = {0905.3170},
  primaryclass = {hep-th},
  slaccitation = {%%CITATION = 0905.3170;%%}
}

@ARTICLE{Mof90,
  author = {Moffat, J.W.},
  title = {{Finite nonlocal gauge field theory}},
  journal = {Phys.Rev.},
  year = {1990},
  volume = {D41},
  pages = {1177-1184},
  doi = {10.1103/PhysRevD.41.1177},
  slaccitation = {%%CITATION = PHRVA,D41,1177;%%}
}

@ARTICLE{Mof11,
  author = {Moffat, J. W.},
  title = {{Ultraviolet Complete Quantum Gravity}},
  journal = {Eur. Phys. J. Plus},
  year = {2011},
  volume = {126},
  pages = {43},
  archiveprefix = {arXiv},
  doi = {10.1140/epjp/i2011-11043-7},
  eprint = {1008.2482},
  primaryclass = {gr-qc},
  slaccitation = {%%CITATION = 1008.2482;%%}
}

@ARTICLE{MoM91,
  author = {Morsink, Sharon M. and Mann, Robert B.},
  title = {{Black hole radiation of Dirac particles in (1+1)-dimensions}},
  journal = {Class.Quant.Grav.},
  year = {1991},
  volume = {8},
  pages = {2257-2268},
  doi = {10.1088/0264-9381/8/12/010},
  reportnumber = {WATPHYS-TH-91-02},
  slaccitation = {%%CITATION = CQGRD,8,2257;%%}
}

@INBOOK{Muk05,
  title = {Physical foundations of cosmology},
  publisher = {Cambridge University Press},
  year = {2005},
  author = {Mukhanov, V.},
  volume = .,
  type = {Section},
  address = {Cambridge, UK},
  month = .
}

@ARTICLE{Mur12,
  author = {Mureika, J.R.},
  title = {{Primordial Black Hole Evaporation and Spontaneous Dimensional Reduction}},
  journal = {Phys.Lett.},
  year = {2012},
  volume = {B716},
  pages = {171-175},
  archiveprefix = {arXiv},
  doi = {10.1016/j.physletb.2012.08.029},
  eprint = {1204.3619},
  primaryclass = {gr-qc},
  slaccitation = {%%CITATION = ARXIV:1204.3619;%%}
}

@ARTICLE{Mur08,
  author = {Mureika, J.R.},
  title = {{Unparticle-enhanced black holes at the LHC}},
  journal = {Phys.Lett.},
  year = {2008},
  volume = {B660},
  pages = {561-566},
  archiveprefix = {arXiv},
  doi = {10.1016/physletb.2008.01.050},
  eprint = {0712.1786},
  primaryclass = {hep-ph},
  slaccitation = {%%CITATION = ARXIV:0712.1786;%%}
}

@ARTICLE{MuN12,
  author = {Mureika, J. and Nicolini, P.},
  title = {{Self-completeness and spontaneous dimensional reduction}},
  journal = {Eur.Phys.J.Plus},
  year = {2013},
  volume = {128},
  pages = {78},
  note = {},
  archiveprefix = {arXiv},
  doi = {10.1140/epjp/i2013-13078-0},
  eprint = {1206.4696},
  primaryclass = {hep-th},
  slaccitation = {%%CITATION = ARXIV:1206.4696;%%}
}

@ARTICLE{MNS12,
  author = {Mureika, J. and Nicolini, P. and Spallucci, E.},
  title = {{Could any black holes be produced at the LHC?}},
  journal = {Phys.Rev.},
  year = {2012},
  volume = {D85},
  pages = {106007},
  note = {},
  archiveprefix = {arXiv},
  eprint = {1111.5830},
  primaryclass = {hep-ph},
  slaccitation = {%%CITATION = ARXIV:1111.5830;%%}
}

@ARTICLE{MuN11,
  author = {Mureika, J. R. and Nicolini, P.},
  title = {{Aspects of noncommutative (1+1)-dimensional black holes}},
  journal = {Phys. Rev.},
  year = {2011},
  volume = {D84},
  pages = {044020},
  archiveprefix = {arXiv},
  eprint = {1104.4120},
  primaryclass = {gr-qc},
  slaccitation = {%%CITATION = 1104.4120;%%}
}

@ARTICLE{MuS10,
  author = {Mureika, J. R. and Spallucci, E.},
  title = {{Vector unparticle enhanced black holes: exact solutions and thermodynamics}},
  journal = {Phys. Lett.},
  year = {2010},
  volume = {B693},
  pages = {129-133},
  archiveprefix = {arXiv},
  doi = {10.1016/j.physletb.2010.08.025},
  eprint = {1006.4556},
  primaryclass = {hep-ph},
  slaccitation = {%%CITATION = 1006.4556;%%}
}

@ARTICLE{MKP07,
  author = {Myung, Y. S. and Kim, Y.-W. and Park, Y.-J.},
  title = {{Thermodynamics and evaporation of the noncommutative black hole}},
  journal = {JHEP},
  year = {2007},
  volume = {02},
  pages = {012},
  archiveprefix = {arXiv},
  doi = {10.1088/1126-6708/2007/02/012},
  eprint = {gr-qc/0611130},
  slaccitation = {%%CITATION = GR-QC/0611130;%%}
}

@ARTICLE{MKPa07,
  author = {Myung, Y. S. and Kim, Y.-W. and Park, Y.-J.},
  title = {{Black hole thermodynamics with generalized uncertainty principle}},
  journal = {Phys.Lett.},
  year = {2007},
  volume = {B645},
  pages = {393-397},
  archiveprefix = {arXiv},
  doi = {10.1016/j.physletb.2006.12.062},
  eprint = {gr-qc/0609031},
  primaryclass = {gr-qc},
  reportnumber = {INJE-TP-06-04},
  slaccitation = {%%CITATION = GR-QC/0609031;%%}
}

@ARTICLE{NCC65,
  author = {Newman, E T. and Couch, R. and Chinnapared, K. and Exton, A. and
	Prakash, A. and others},
  title = {{Metric of a rotating, charged mass}},
  journal = {J.Math.Phys.},
  year = {1965},
  volume = {6},
  pages = {918-919},
  slaccitation = {%%CITATION = JMAPA,6,918;%%}
}

@ARTICLE{Nic13,
  author = {Nicolai, H.},
  title = {{Quantum Gravity: the view from particle physics, arXiv:1301.5481}},
  year = {2013},
  archiveprefix = {arXiv},
  eprint = {1301.5481},
  primaryclass = {gr-qc},
  slaccitation = {%%CITATION = ARXIV:1301.5481;%%}
}

@ARTICLE{Nic12,
  author = {Nicolini, P.},
  title = {{Nonlocal and generalized uncertainty principle black holes}},
  note = {},
  archiveprefix = {arXiv},
  eprint = {1202.2102},
  primaryclass = {hep-th},
  slaccitation = {%%CITATION = 1202.2102;%%}
}

@ARTICLE{Nic10,
  author = {Nicolini, P.},
  title = {{Entropic force, noncommutative gravity and ungravity}},
  journal = {Phys. Rev.},
  year = {2010},
  volume = {D82},
  pages = {044030},
  archiveprefix = {arXiv},
  doi = {10.1103/PhysRevD.82.044030},
  eprint = {1005.2996},
  primaryclass = {gr-qc},
  slaccitation = {%%CITATION = 1005.2996;%%}
}

@ARTICLE{Nic09,
  author = {Nicolini, P.},
  title = {{Noncommutative black holes, the final appeal to quantum gravity:
	a review}},
  journal = {Int. J. Mod. Phys.},
  year = {2009},
  volume = {A24},
  pages = {1229-1308},
  note = {},
  archiveprefix = {arXiv},
  doi = {10.1142/S0217751X09043353},
  eprint = {0807.1939},
  primaryclass = {hep-th},
  slaccitation = {%%CITATION = 0807.1939;%%}
}

@ARTICLE{Nic05,
  author = {Nicolini, P.},
  title = {{A model of radiating black hole in noncommutative geometry}},
  journal = {J. Phys.},
  year = {2005},
  volume = {A38},
  pages = {L631-L638},
  archiveprefix = {arXiv},
  doi = {10.1088/0305-4470/38/39/L02},
  eprint = {hep-th/0507266},
  slaccitation = {%%CITATION = HEP-TH/0507266;%%}
}

@ARTICLE{NMS13,
  author = {Nicolini, P. and Mureika, J. and Spallucci, E. and Winstanley, E.
	and Bleicher, M.},
  title = {{Production and evaporation of Planck scale black holes at the LHC,
	}},
  year = {2013},
  archiveprefix = {arXiv},
  eprint = {1302.2640},
  primaryclass = {hep-th},
  slaccitation = {%%CITATION = ARXIV:1302.2640;%%}
}

@ARTICLE{NiN11,
  author = {Nicolini, P. and Niedner, B.},
  title = {{Hausdorff dimension of a particle path in a quantum manifold}},
  journal = {Phys.Rev.},
  year = {2011},
  volume = {D83},
  pages = {024017},
  archiveprefix = {arXiv},
  doi = {10.1103/PhysRevD.83.024017},
  eprint = {1009.3267},
  primaryclass = {gr-qc},
  slaccitation = {%%CITATION = ARXIV:1009.3267;%%}
}

@ARTICLE{NOS11,
  author = {Nicolini, P. and Orlandi, A. and Spallucci, E.},
  title = {{The final stage of gravitationally collapsed thick matter layers}},
  year = {2011},
  archiveprefix = {arXiv},
  eprint = {1110.5332},
  primaryclass = {gr-qc},
  slaccitation = {%%CITATION = 1110.5332;%%}
}

@ARTICLE{NiR11,
  author = {Nicolini, P. and Rinaldi, M.},
  title = {{A minimal length versus the Unruh effect}},
  journal = {Phys. Lett.},
  year = {2011},
  volume = {B695},
  pages = {303-306},
  archiveprefix = {arXiv},
  doi = {10.1016/j.physletb.2010.10.051},
  eprint = {0910.2860},
  primaryclass = {hep-th},
  slaccitation = {%%CITATION = 0910.2860;%%}
}

@ARTICLE{NiS14,
  author = {Nicolini, P. and Singleton, D.},
  title = {{Connecting horizon pixels and interior voxels of a black hole}},
  journal = {Phys.Lett.},
  year = {2014},
  volume = {B738},
  pages = {213-217},
  note = {},
  archiveprefix = {arXiv},
  doi = {10.1016/j.physletb.2014.09.038},
  eprint = {1409.5069},
  primaryclass = {gr-qc},
  slaccitation = {%%CITATION = ARXIV:1409.5069;%%}
}

@ARTICLE{NSS06a,
  author = {Nicolini, P. and Smailagic, A. and Spallucci, E.},
  title = {{The fate of radiating black holes in noncommutative geometry}},
  journal = {ESA Spec. Publ.},
  year = {2006},
  volume = {637},
  pages = {11.1},
  note = {},
  archiveprefix = {arXiv},
  eprint = {hep-th/0507226},
  slaccitation = {%%CITATION = HEP-TH/0507226;%%}
}

@ARTICLE{NSS06b,
  author = {Nicolini, P. and Smailagic, A. and Spallucci, E.},
  title = {{Noncommutative geometry inspired Schwarzschild black hole}},
  journal = {Phys. Lett.},
  year = {2006},
  volume = {B632},
  pages = {547-551},
  note = {},
  archiveprefix = {arXiv},
  doi = {10.1016/j.physletb.2005.11.004},
  eprint = {gr-qc/0510112},
  slaccitation = {%%CITATION = GR-QC/0510112;%%}
}

@ARTICLE{NiS12,
  author = {Nicolini, Piero and Spallucci, Euro},
  title = {{Holographic screens in ultraviolet self-complete quantum gravity}},
  journal = {Adv. High Energy Phys.},
  year = {2014},
  volume = {2014},
  pages = {805684},
  note = {},
  archiveprefix = {arXiv},
  doi = {10.1155/2014/805684},
  eprint = {1210.0015},
  primaryclass = {hep-th},
  slaccitation = {%%CITATION = ARXIV:1210.0015;%%}
}

@ARTICLE{NiS11,
  author = {Nicolini, P. and Spallucci, E.},
  title = {{Un-spectral dimension and quantum spacetime phases}},
  journal = {Phys. Lett.},
  year = {2011},
  volume = {B695},
  pages = {290-293},
  archiveprefix = {arXiv},
  doi = {10.1016/j.physletb.2010.10.041},
  eprint = {1005.1509},
  primaryclass = {hep-th},
  slaccitation = {%%CITATION = 1005.1509;%%}
}

@ARTICLE{NiS10,
  author = {Nicolini, P. and Spallucci, E.},
  title = {{Noncommutative geometry inspired dirty black holes}},
  journal = {Class. Quant. Grav.},
  year = {2010},
  volume = {27},
  pages = {015010},
  note = {},
  archiveprefix = {arXiv},
  doi = {10.1088/0264-9381/27/1/015010},
  eprint = {0902.4654},
  primaryclass = {gr-qc},
  slaccitation = {%%CITATION = 0902.4654;%%}
}

@ARTICLE{NiT06,
  author = {Nicolini, P. and Tessarotto, M.},
  title = {{H-theorem for classical matter around a black hole}},
  journal = {Phys.Plasmas},
  year = {2006},
  volume = {13},
  pages = {052901},
  archiveprefix = {arXiv},
  doi = {10.1063/1.2198469},
  eprint = {physics/0506130},
  primaryclass = {physics},
  slaccitation = {%%CITATION = PHYSICS/0506130;%%}
}

@ARTICLE{NiT05,
  author = {Nicolini, P. and Tessarotto, M.},
  title = {{Canonical Lie-transform method in Hamiltonian gyrokinetics: A New
	approach}},
  journal = {AIP Conf.Proc.},
  year = {2005},
  volume = {762},
  pages = {1289-1294},
  archiveprefix = {arXiv},
  doi = {10.1063/1.1941711},
  eprint = {physics/0407011},
  primaryclass = {physics.plasm-ph},
  slaccitation = {%%CITATION = PHYSICS/0407011;%%}
}

@ARTICLE{NiT11,
  author = {Nicolini, P. and Torrieri, G.},
  title = {{The Hawking-Page crossover in noncommutative anti-deSitter space}},
  journal = {JHEP},
  year = {2011},
  volume = {08},
  pages = {097},
  note = {},
  archiveprefix = {arXiv},
  primaryclass = {gr-qc},
  slaccitation = {%%CITATION = 1105.0188;%%}
}

@ARTICLE{NiW11,
  author = {Nicolini, P. and Winstanley, E.},
  title = {{Hawking emission from quantum gravity black holes}},
  journal = {JHEP},
  year = {2011},
  volume = {11},
  pages = {075},
  note = {},
  archiveprefix = {arXiv},
  doi = {10.1007/JHEP11(2011)075},
  eprint = {1108.4419},
  primaryclass = {hep-ph},
  slaccitation = {%%CITATION = 1108.4419;%%}
}

@ARTICLE{Nie07,
  author = {Niedermaier, M.},
  title = {{The asymptotic safety scenario in quantum gravity: an introduction}},
  journal = {Class.Quant.Grav.},
  year = {2007},
  volume = {24},
  pages = {R171-230},
  archiveprefix = {arXiv},
  doi = {10.1088/0264-9381/24/18/R01},
  eprint = {gr-qc/0610018},
  primaryclass = {gr-qc},
  slaccitation = {%%CITATION = GR-QC/0610018;%%}
}

@ARTICLE{NiR06,
  author = {Niedermaier, Max and Reuter, Martin},
  title = {{The asymptotic safety scenario in quantum gravity}},
  journal = {Living Rev.Rel.},
  year = {2006},
  volume = {9},
  pages = {5},
  slaccitation = {%%CITATION = 00222,9,5;%%}
}

@ARTICLE{OhP10,
  author = {Oh, J. J. and Park, C.},
  title = {{Gravitational collapse of the shells with the smeared gravitational
	source in noncommutative geometry}},
  journal = {JHEP},
  year = {2010},
  volume = {03},
  pages = {086},
  archiveprefix = {arXiv},
  doi = {10.1007/JHEP03(2010)086},
  eprint = {0906.4428},
  primaryclass = {gr-qc},
  slaccitation = {%%CITATION = 0906.4428;%%}
}

@ARTICLE{Pad10,
  author = {Padmanabhan, T.},
  title = {{Thermodynamical aspects of gravity: new insights}},
  journal = {Rept. Prog. Phys.},
  year = {2010},
  volume = {73},
  pages = {046901},
  archiveprefix = {arXiv},
  doi = {10.1088/0034-4885/73/4/046901},
  eprint = {0911.5004},
  primaryclass = {gr-qc},
  slaccitation = {%%CITATION = ARXIV:0911.5004;%%}
}

@ARTICLE{Par12,
  author = {Park, Seong Chan},
  title = {{Black holes and the LHC: A Review}},
  journal = {Prog. Part. Nucl. Phys.},
  year = {2012},
  volume = {67},
  pages = {617-650},
  note = {},
  archiveprefix = {arXiv},
  doi = {10.1016/j.ppnp.2012.03.004},
  eprint = {1203.4683},
  primaryclass = {hep-ph},
  slaccitation = {%%CITATION = ARXIV:1203.4683;%%}
}

@ARTICLE{Par11,
  author = {Park, Seong Chan},
  title = {{Critical comment on the recent microscopic black hole search at
	the LHC}},
  journal = {Phys.Lett.},
  year = {2011},
  volume = {B701},
  pages = {587-590},
  archiveprefix = {arXiv},
  doi = {10.1016/j.physletb.2011.06.039},
  eprint = {1104.5129},
  primaryclass = {hep-ph},
  slaccitation = {%%CITATION = ARXIV:1104.5129;%%}
}

@ARTICLE{PoI90,
  author = {Poisson, E. and Israel, W.},
  title = {{Internal structure of black holes}},
  journal = {Phys.Rev.},
  year = {1990},
  volume = {D41},
  pages = {1796-1809},
  doi = {10.1103/PhysRevD.41.1796},
  slaccitation = {%%CITATION = PHRVA,D41,1796;%%}
}

@ARTICLE{PoI89,
  author = {Poisson, Eric and Israel, W.},
  title = {{Inner-horizon instability and mass inflation in black holes}},
  journal = {Phys. Rev. Lett.},
  year = {1989},
  volume = {63},
  pages = {1663-1666},
  doi = {10.1103/PhysRevLett.63.1663},
  slaccitation = {%%CITATION = PRLTA,63,1663;%%}
}

@ARTICLE{Pol81,
  author = {Polyakov, A. M.},
  title = {{Quantum geometry of bosonic strings}},
  journal = {Phys. Lett.},
  year = {1981},
  volume = {B103},
  pages = {207-210},
  doi = {10.1016/0370-2693(81)90743-7},
  slaccitation = {%%CITATION = PHLTA,B103,207;%%}
}

@ARTICLE{RaS99a,
  author = {Randall, L. and Sundrum, R.},
  title = {{A large mass hierarchy from a small extra dimension}},
  journal = {Phys.Rev.Lett.},
  year = {1999},
  volume = {83},
  pages = {3370-3373},
  note = {},
  archiveprefix = {arXiv},
  doi = {10.1103/PhysRevLett.83.3370},
  eprint = {hep-ph/9905221},
  primaryclass = {hep-ph},
  reportnumber = {MIT-CTP-2860, PUPT-1860, BUHEP-99-9},
  slaccitation = {%%CITATION = HEP-PH/9905221;%%}
}

@ARTICLE{RaS99b,
  author = {Randall, L and Sundrum, R.},
  title = {{An alternative to compactification}},
  journal = {Phys.Rev.Lett.},
  year = {1999},
  volume = {83},
  pages = {4690-4693},
  note = {},
  archiveprefix = {arXiv},
  doi = {10.1103/PhysRevLett.83.4690},
  eprint = {hep-th/9906064},
  primaryclass = {hep-th},
  reportnumber = {MIT-CTP-2874, PUPT-1867, BUHEP-99-13},
  slaccitation = {%%CITATION = HEP-TH/9906064;%%}
}

@ARTICLE{Ree77,
  author = {Rees, M.J.},
  title = {{A better way of searching for black-hole explosions?}},
  journal = {Nature},
  year = {1977},
  volume = {266},
  pages = {333-334},
  slaccitation = {%%CITATION = NATUA,217,511;%%}
}

@ARTICLE{Ric06,
  author = {Richards, G. T. and others},
  title = {{A snapshot survey for gravitational lenses among $z\geq 4.0$ quasars.
	2. constraints on the $4.0<z<4.5$ quasar population}},
  journal = {Astron.J.},
  year = {2006},
  volume = {131},
  pages = {49-54},
  archiveprefix = {arXiv},
  collaboration = {SDSS Collaboration},
  doi = {10.1086/498063},
  eprint = {astro-ph/0509135},
  primaryclass = {astro-ph},
  slaccitation = {%%CITATION = ASTRO-PH/0509135;%%}
}

@BOOK{rich60,
  title = {Arms and {I}nsecurity},
  publisher = {Boxwood},
  year = {1960},
  author = {L. F. Richardson},
  pages = {200--253},
  address = {Pittsburg}
}

@ARTICLE{Rie84,
  author = {Riegert, R. J.},
  title = {{A nonlocal action for the trace anomaly}},
  journal = {Phys. Lett.},
  year = {1984},
  volume = {B134},
  pages = {56-60},
  doi = {10.1016/0370-2693(84)90983-3},
  slaccitation = {%%CITATION = PHLTA,B134,56;%%}
}

@ARTICLE{Rin11,
  author = {Rinaldi, M.},
  title = {{A new approach to non-commutative inflation}},
  journal = {Class. Quant. Grav.},
  year = {2011},
  volume = {28},
  pages = {105022},
  archiveprefix = {arXiv},
  doi = {10.1088/0264-9381/28/10/105022},
  eprint = {0908.1949},
  primaryclass = {gr-qc},
  slaccitation = {%%CITATION = CQGRD,28,105022;%%}
}

@ARTICLE{Riz06,
  author = {Rizzo, T. G.},
  title = {{Noncommutative inspired black holes in extra dimensions}},
  journal = {JHEP},
  year = {2006},
  volume = {09},
  pages = {021},
  note = {},
  archiveprefix = {arXiv},
  doi = {10.1088/1126-6708/2006/09/021},
  eprint = {hep-ph/0606051},
  slaccitation = {%%CITATION = HEP-PH/0606051;%%}
}

@ARTICLE{Rov08,
  author = {Rovelli, C.},
  title = {{Loop quantum gravity}},
  journal = {Living Rev.Rel.},
  year = {2008},
  volume = {11},
  pages = {5},
  slaccitation = {%%CITATION = 00222,11,5;%%}
}

@ARTICLE{Rov98,
  author = {Rovelli, C.},
  title = {{Loop quantum gravity}},
  journal = {Living Rev.Rel.},
  year = {1998},
  volume = {1},
  pages = {1},
  archiveprefix = {arXiv},
  eprint = {gr-qc/9710008},
  primaryclass = {gr-qc},
  slaccitation = {%%CITATION = GR-QC/9710008;%%}
}

@ARTICLE{RuS83,
  author = {Rubakov, V. A. and Shaposhnikov, M. E.},
  title = {{Do We Live Inside a Domain Wall?}},
  journal = {Phys. Lett.},
  year = {1983},
  volume = {B125},
  pages = {136-138},
  doi = {10.1016/0370-2693(83)91253-4},
  slaccitation = {%%CITATION = PHLTA,B125,136;%%}
}

@ARTICLE{RuS83b,
  author = {Rubakov, V. A. and Shaposhnikov, M. E.},
  title = {{Extra Space-Time Dimensions: Towards a Solution to the Cosmological
	Constant Problem}},
  journal = {Phys. Lett.},
  year = {1983},
  volume = {B125},
  pages = {139},
  doi = {10.1016/0370-2693(83)91254-6},
  reportnumber = {IC/83/11},
  slaccitation = {%%CITATION = PHLTA,B125,139;%%}
}

@ARTICLE{RuB69,
  author = {Ruffini, R. and Bonazzola, S.},
  title = {{Systems of selfgravitating particles in general relativity and the
	concept of an equation of state}},
  journal = {Phys.Rev.},
  year = {1969},
  volume = {187},
  pages = {1767-1783},
  doi = {10.1103/PhysRev.187.1767},
  slaccitation = {%%CITATION = PHRVA,187,1767;%%}
}

@ARTICLE{Sca99,
  author = {Scardigli, F.},
  title = {{Generalized uncertainty principle in quantum gravity from micro
	- black hole Gedanken experiment}},
  journal = {Phys.Lett.},
  year = {1999},
  volume = {B452},
  pages = {39-44},
  archiveprefix = {arXiv},
  doi = {10.1016/S0370-2693(99)00167-7},
  eprint = {hep-th/9904025},
  primaryclass = {hep-th},
  slaccitation = {%%CITATION = HEP-TH/9904025;%%}
}

@ARTICLE{ScC03,
  author = {Scardigli, Fabio and Casadio, Roberto},
  title = {{Generalized uncertainty principle, extra dimensions and holography}},
  journal = {Class. Quant. Grav.},
  year = {2003},
  volume = {20},
  pages = {3915-3926},
  archiveprefix = {arXiv},
  doi = {10.1088/0264-9381/20/18/305},
  eprint = {hep-th/0307174},
  primaryclass = {hep-th},
  slaccitation = {%%CITATION = HEP-TH/0307174;%%}
}

@ARTICLE{Sch16a,
  author = {Schwarzschild, K.},
  title = {{"\"{U}ber das Gravitationsfeld eines Massenpunktes nach der Einsteinschen
	Theorie"}},
  journal = {Sitz. Koen. Preuss. Akad. Wiss.},
  year = {1916},
  volume = {7},
  pages = {189-196}
}

@ARTICLE{SeW99,
  author = {Seiberg, N. and Witten, E.},
  title = {{String theory and noncommutative geometry}},
  journal = {JHEP},
  year = {1999},
  volume = {9909},
  pages = {032},
  archiveprefix = {arXiv},
  eprint = {hep-th/9908142},
  primaryclass = {hep-th},
  reportnumber = {IASSNS-HEP-99-74},
  slaccitation = {%%CITATION = HEP-TH/9908142;%%}
}

@ARTICLE{SiM91,
  author = {Sikkema, Arnold E. and Mann, Robert B.},
  title = {{Gravitation and cosmology in two-dimensions}},
  journal = {Class.Quant.Grav.},
  year = {1991},
  volume = {8},
  pages = {219-236},
  doi = {10.1088/0264-9381/8/1/022},
  reportnumber = {WATPHYS-TH89-08},
  slaccitation = {%%CITATION = CQGRD,8,219;%%}
}

@ARTICLE{SmS13,
  author = {Smailagic, A. and Spallucci, E.},
  title = {{Thermodynamical phases of a regular SAdS black hole}},
  journal = {Int.J.Mod.Phys.},
  year = {2013},
  volume = {D22},
  pages = {1350010},
  note = {},
  archiveprefix = {arXiv},
  doi = {10.1142/S0218271813500107},
  eprint = {1212.5044},
  primaryclass = {hep-th},
  slaccitation = {%%CITATION = ARXIV:1212.5044;%%}
}

@ARTICLE{SmS10,
  author = {Smailagic, A. and Spallucci, E.},
  title = {{'Kerrr' black hole: the lord of the string}},
  journal = {Phys. Lett.},
  year = {2010},
  volume = {B688},
  pages = {82-87},
  note = {},
  archiveprefix = {arXiv},
  doi = {10.1016/j.physletb.2010.03.075},
  eprint = {1003.3918},
  primaryclass = {hep-th},
  slaccitation = {%%CITATION = 1003.3918;%%}
}

@ARTICLE{SmS04,
  author = {Smailagic, A. and Spallucci, E.},
  title = {{Lorentz invariance and unitarity in UV-finiteness of QFT on noncommutative
	spacetime}},
  journal = {J. Phys.},
  year = {2004},
  volume = {A37},
  pages = {1-10},
  archiveprefix = {arXiv},
  doi = {10.1088/0305-4470/37/28/008},
  eprint = {hep-th/0406174},
  slaccitation = {%%CITATION = HEP-TH/0406174;%%}
}

@ARTICLE{SmS03a,
  author = {Smailagic, A. and Spallucci, E.},
  title = {{Feynman path integral on the noncommutative plane}},
  journal = {J. Phys.},
  year = {2003},
  volume = {A36},
  pages = {L467},
  archiveprefix = {arXiv},
  doi = {10.1088/0305-4470/36/33/101},
  eprint = {hep-th/0307217},
  slaccitation = {%%CITATION = HEP-TH/0307217;%%}
}

@ARTICLE{SmS03b,
  author = {Smailagic, A. and Spallucci, E.},
  title = {{UV divergence-free QFT on noncommutative plane}},
  journal = {J. Phys.},
  year = {2003},
  volume = {A36},
  pages = {L517-L521},
  archiveprefix = {arXiv},
  doi = {10.1088/0305-4470/36/39/103},
  eprint = {hep-th/0308193},
  slaccitation = {%%CITATION = HEP-TH/0308193;%%}
}

@ARTICLE{Sny47a,
  author = {Snyder, H. S.},
  title = {{Quantized space-time}},
  journal = {Phys. Rev.},
  year = {1947},
  volume = {71},
  pages = {38-41},
  doi = {10.1103/PhysRev.71.38},
  slaccitation = {%%CITATION = PHRVA,71,38;%%}
}

@ARTICLE{Sny47b,
  author = {Snyder, H. S.},
  title = {{The electromagnetic field in quantized space-time}},
  journal = {Phys. Rev.},
  year = {1947},
  volume = {72},
  pages = {68-71},
  doi = {10.1103/PhysRev.72.68},
  slaccitation = {%%CITATION = PHRVA,72,68;%%}
}

@ARTICLE{SpA11,
  author = {Spallucci, E. and Ansoldi, S.},
  title = {{Regular black holes in UV self-complete quantum gravity}},
  journal = {Phys. Lett.},
  year = {2011},
  volume = {B701},
  pages = {471-474},
  archiveprefix = {arXiv},
  eprint = {1101.2760},
  primaryclass = {hep-th},
  slaccitation = {%%CITATION = 1101.2760;%%}
}

@INBOOK{SpS14,
  title = {{Semi-classical approach to quantum black holes}},
  publisher = {In Barton, A. (ed), Advances in Black Holes Research, Nova Science
	Publishers},
  year = {2014},
  editor = {Barton, A.},
  author = {Spallucci, Euro and Smailagic, Anais},
  note = {},
  archiveprefix = {arXiv},
  eprint = {1410.1706},
  primaryclass = {gr-qc}
}

@ARTICLE{SpS17,
  author = {Spallucci, Euro and Smailagic, Anais},
  title = {{Regular black holes from semi-classical down to Planckian size}},
  year = {2017},
  archiveprefix = {arXiv},
  eprint = {1701.04592},
  primaryclass = {hep-th},
  slaccitation = {%%CITATION = ARXIV:1701.04592;%%}
}

@ARTICLE{SpS13,
  author = {Spallucci, E. and Smailagic, A.},
  title = {{Maxwell's equal area law for charged Anti-deSitter black holes}},
  journal = {J. Grav.},
  year = {2013},
  volume = {2013},
  pages = {525696},
  note = {},
  archiveprefix = {arXiv},
  doi = {10.1155/2013/525696},
  eprint = {1310.2186},
  primaryclass = {hep-th},
  slaccitation = {%%CITATION = ARXIV:1310.2186;%%}
}

@ARTICLE{SpS12,
  author = {Spallucci, Euro and Smailagic, Anais},
  title = {{Black holes production in self-complete quantum gravity}},
  journal = {Phys.Lett.},
  year = {2012},
  volume = {B709},
  pages = {266-269},
  archiveprefix = {arXiv},
  doi = {10.1016/j.physletb.2012.02.023},
  eprint = {1202.1686},
  primaryclass = {hep-th},
  slaccitation = {%%CITATION = ARXIV:1202.1686;%%}
}

@ARTICLE{SSN09,
  author = {Spallucci, E. and Smailagic, A. and Nicolini, P.},
  title = {{Non-commutative geometry inspired higher-dimensional charged black
	holes}},
  journal = {Phys. Lett.},
  year = {2009},
  volume = {B670},
  pages = {449-454},
  note = {},
  archiveprefix = {arXiv},
  doi = {10.1016/j.physletb.2008.11.030},
  eprint = {0801.3519},
  primaryclass = {hep-th},
  slaccitation = {%%CITATION = 0801.3519;%%}
}

@ARTICLE{SSN06,
  author = {Spallucci, E. and Smailagic, A. and Nicolini, P.},
  title = {{Trace anomaly in quantum spacetime manifold}},
  journal = {Phys. Rev.},
  year = {2006},
  volume = {D73},
  pages = {084004},
  archiveprefix = {arXiv},
  doi = {10.1103/PhysRevD.73.084004},
  eprint = {hep-th/0604094},
  slaccitation = {%%CITATION = HEP-TH/0604094;%%}
}

@ARTICLE{SNB12,
  author = {Sprenger, M. and Nicolini, P. and Bleicher, M.},
  title = {{Physics on the smallest scales: an introduction to minimal length
	phenomenology}},
  journal = {Eur.J.Phys.},
  year = {2012},
  volume = {33},
  pages = {853-862},
  archiveprefix = {arXiv},
  eprint = {1202.1500},
  primaryclass = {physics.ed-ph},
  reportnumber = {DESY-12-014},
  slaccitation = {%%CITATION = ARXIV:1202.1500;%%}
}

@ARTICLE{SNB11a,
  author = {Sprenger, M. and Nicolini, P. and Bleicher, M.},
  title = {{Neutrino oscillations as a novel probe for a minimal length}},
  journal = {Class. Quant. Grav.},
  year = {2011},
  volume = {28},
  pages = {235019},
  archiveprefix = {arXiv},
  eprint = {1011.5225},
  primaryclass = {hep-ph},
  slaccitation = {%%CITATION = 1011.5225;%%}
}

@ARTICLE{SNB11b,
  author = {Sprenger, M. and Nicolini, P. and Bleicher, M.},
  title = {{Quantum Gravity signals in neutrino oscillations}},
  journal = {Int.J.Mod.Phys.},
  year = {2011},
  volume = {E20S2},
  pages = {1-6},
  archiveprefix = {arXiv},
  doi = {10.1142/S0218301311040517},
  eprint = {1111.2341},
  primaryclass = {hep-ph},
  slaccitation = {%%CITATION = ARXIV:1111.2341;%%}
}

@INPROCEEDINGS{Sus02,
  author = {Susskind, Leonard},
  title = {{Twenty years of debate with Stephen}},
  booktitle = {{Workshop on Conference on the Future of Theoretical Physics and
	Cosmology in Honor of Steven Hawking's 60th Birthday Cambridge, England,
	January 7-10, 2002}},
  year = {2002},
  pages = {330-347},
  note = {},
  archiveprefix = {arXiv},
  eprint = {hep-th/0204027},
  primaryclass = {hep-th},
  reportnumber = {SU-ITP-02-11},
  slaccitation = {%%CITATION = HEP-TH/0204027;%%},
  url = {http://alice.cern.ch/format/showfull?sysnb=2303063}
}

@ARTICLE{Sza03,
  author = {Szabo, R. J.},
  title = {{Quantum field theory on noncommutative spaces}},
  journal = {Phys.Rept.},
  year = {2003},
  volume = {378},
  pages = {207-299},
  archiveprefix = {arXiv},
  doi = {10.1016/S0370-1573(03)00059-0},
  eprint = {hep-th/0109162},
  primaryclass = {hep-th},
  reportnumber = {HWM-01-35, EMPG-01-14},
  slaccitation = {%%CITATION = HEP-TH/0109162;%%}
}

@ARTICLE{TCD11,
  author = {Tamburini, F. and Cuofano, C. and Della Valle, M. and Gilmozzi, R.},
  title = {{No quantum gravity signature from the farthest quasars}},
  journal = {Astron.Astrophys.},
  year = {2011},
  volume = {533},
  pages = {A71},
  archiveprefix = {arXiv},
  eprint = {1108.6005},
  primaryclass = {gr-qc},
  slaccitation = {%%CITATION = ARXIV:1108.6005;%%}
}

@ARTICLE{TaM15,
  author = {Tawfik, Abdel Nasser and Diab, Abdel Magied},
  title = {{Review on Generalized Uncertainty Principle}},
  journal = {Rept. Prog. Phys.},
  year = {2015},
  volume = {78},
  pages = {126001},
  archiveprefix = {arXiv},
  doi = {10.1088/0034-4885/78/12/126001},
  eprint = {1509.02436},
  primaryclass = {physics.gen-ph},
  reportnumber = {ECTP-2015-01, WLCAPP-2015-01},
  slaccitation = {%%CITATION = ARXIV:1509.02436;%%}
}

@ARTICLE{TEN07,
  author = {Tessarotto, M. and Ellero, M. and Nicolini, P.},
  title = {{Inverse kinetic theory for quantum hydrodynamic equations}},
  journal = {Phys.Rev.},
  year = {2007},
  volume = {A75},
  pages = {012105},
  archiveprefix = {arXiv},
  doi = {10.1103/PhysRevA.75.012105},
  eprint = {quant-ph/0606091},
  primaryclass = {quant-ph},
  slaccitation = {%%CITATION = QUANT-PH/0606091;%%}
}

@INBOOK{Tho72,
  pages = {231-258},
  title = {{Nonspherical Gravitational Collapse--A Short Review}},
  publisher = {In {Klauder}, J.~R. (ed), \textit{Magic Without Magic: John Archibald
	Wheeler. A Collection of Essays in Honor of his Sixtieth Birthday}},
  year = {1972},
  editor = {{Klauder}, J.~R.},
  author = {{Thorne}, K.~S.},
  adsnote = {Provided by the SAO/NASA Astrophysics Data System},
  adsurl = {http://adsabs.harvard.edu/abs/1972mwm..book..231T}
}

@ARTICLE{Tom97,
  author = {Tomboulis, E. T.},
  title = {{Superrenormalizable gauge and gravitational theories}},
  year = {1997},
  note = {},
  archiveprefix = {arXiv},
  eprint = {hep-th/9702146},
  primaryclass = {hep-th},
  reportnumber = {UCLA-97-TEP-2},
  slaccitation = {%%CITATION = HEP-TH/9702146;%%}
}

@ARTICLE{TLM11,
  author = {Torrieri, G. and Lottini, S. and Mishustin, I. and Nicolini, P.},
  title = {{The Phase diagram in $T-\mu-N_c$ space}},
  year = {2011},
  archiveprefix = {arXiv},
  eprint = {1110.6219},
  primaryclass = {nucl-th},
  slaccitation = {%%CITATION = ARXIV:1110.6219;%%}
}

@ARTICLE{Unr76,
  author = {Unruh, W.G.},
  title = {{Notes on black hole evaporation}},
  journal = {Phys.Rev.},
  year = {1976},
  volume = {D14},
  pages = {870},
  doi = {10.1103/PhysRevD.14.870},
  slaccitation = {%%CITATION = PHRVA,D14,870;%%}
}

@ARTICLE{Ven86,
  author = {Veneziano, G.},
  title = {{A stringy nature needs just two constants}},
  journal = {Europhys.Lett.},
  year = {1986},
  volume = {2},
  pages = {199},
  doi = {10.1209/0295-5075/2/3/006},
  reportnumber = {CERN-TH-4397/86},
  slaccitation = {%%CITATION = EULEE,2,199;%%}
}

@ARTICLE{Ven68,
  author = {Veneziano, G.},
  title = {{Construction of a crossing - symmetric, Regge behaved amplitude
	for linearly rising trajectories}},
  journal = {Nuovo. Cim.},
  year = {1968},
  volume = {A57},
  pages = {190-197},
  doi = {10.1007/BF02824451},
  slaccitation = {%%CITATION = NUCIA,A57,190;%%}
}

@INBOOK{Wal84,
  pages = {311},
  title = {General Relativity},
  publisher = {The University of Chicago Press},
  year = {1984},
  author = {Wald, R. M.},
  address = {Chicago and London}
}

@MISC{Wal94,
  author = {Walker, J.},
  year = {1994},
  note = {\url{http://www.fourmilab.ch/documents/OhMyGodParticle/}}
}

@INBOOK{Wei79,
  pages = {790},
  title = {Ultraviolet divergences in quantum theories of gravitation.},
  publisher = {In ``Quantum theories of gravitation''. In ``General relativity:
	an Einstein centenary survey''. Edited by S. W. Hawking and W. Israel.
	Cambridge University Press.},
  year = {1979},
  author = {Weinberg, Steven}
}

@INPROCEEDINGS{Win07,
  author = {Winstanley, Elizabeth},
  title = {{Hawking radiation from rotating brane black holes}},
  booktitle = {{Conference on Black Holes and Naked Singularities Milan, Italy,
	May 10-12, 2007}},
  year = {2007},
  note = {},
  archiveprefix = {arXiv},
  eprint = {0708.2656},
  primaryclass = {hep-th},
  slaccitation = {%%CITATION = ARXIV:0708.2656;%%},
  url = {http://inspirehep.net/record/758640/files/arXiv:0708.2656.pdf}
}

@ARTICLE{Wit98a,
  author = {Witten, E.},
  title = {{Anti-de Sitter space and holography}},
  journal = {Adv. Theor. Math. Phys.},
  year = {1998},
  volume = {2},
  pages = {253-291},
  archiveprefix = {arXiv},
  eprint = {hep-th/9802150},
  slaccitation = {%%CITATION = HEP-TH/9802150;%%}
}

@ARTICLE{Wit98b,
  author = {Witten, E.},
  title = {{Anti-de Sitter space, thermal phase transition, and confinement
	in gauge theories}},
  journal = {Adv. Theor. Math. Phys.},
  year = {1998},
  volume = {2},
  pages = {505-532},
  archiveprefix = {arXiv},
  eprint = {hep-th/9803131},
  slaccitation = {%%CITATION = HEP-TH/9803131;%%}
}

@ARTICLE{Wit96,
  author = {Witten, Edward},
  title = {{Reflections on the fate of space-time}},
  journal = {Phys. Today},
  year = {1996},
  volume = {49N4},
  pages = {24-30},
  booktitle = {{In *Callender, C. (ed.): Physics meets philosophy at the Planck
	scale* 125-137}},
  doi = {10.1063/1.881493},
  slaccitation = {%%CITATION = PHTOA,49N4,24;%%}
}

@ARTICLE{Yab89,
  author = {Yablonovitch, E.},
  title = {{Accelerating reference frame for electromagnetic waves in a rapidly
	growing plasma - Unruh-Davies-Fulling-DeWitt radiation and the nonadiabatic
	Casimir effect}},
  journal = {Phys.Rev.Lett.},
  year = {1989},
  volume = {62},
  pages = {1742-1745}
}

@ARTICLE{Yan47,
  author = {Yang, C. N.},
  title = {{On quantized space-time}},
  journal = {Phys. Rev.},
  year = {1947},
  volume = {72},
  pages = {874},
  doi = {10.1103/PhysRev.72.874},
  slaccitation = {%%CITATION = PHRVA,72,874;%%}
}

@ARTICLE{ZLS99,
  author = {Zlatev, Ivaylo and Wang, Li-Min and Steinhardt, Paul J.},
  title = {{Quintessence, Cosmic Coincidence, and the Cosmological Constant}},
  journal = {Phys. Rev. Lett.},
  year = {1999},
  volume = {82},
  pages = {896-899},
  archiveprefix = {arXiv},
  doi = {10.1103/PhysRevLett.82.896},
  eprint = {astro-ph/9807002},
  slaccitation = {%%CITATION = ASTRO-PH/9807002;%%}
}

@BOOK{Zwi04,
  title = {A first course in string theory},
  publisher = {Cambridge University Press},
  year = {2004},
  author = {Zwiebach, B.},
  address = {Cambridge, UK}
}

@BOOK{benh93,
  title = {Constraint {L}ogic {P}rogramming, {S}elected {R}esearch},
  publisher = {MIT Press},
  year = {1993},
  editor = {Fr\'ed\'eric Benhamou and Alain Colmerauer}
}

@BOOK{Cal15,
  title = {Quantum Aspects of Black Holes},
  publisher = {Springer Verlag},
  year = {2015},
  editor = {Calmet, X.},
  volume = {178},
  series = {Fundamental Theories of Physics}
}

@PROCEEDINGS{weis94,
  title = {Contemporary {P}roblems in {S}tatistical {P}hysics},
  year = {1994},
  editor = {G. H. Weiss},
  publisher = {SIAM, Philadelphia},
  booktitle = {Contemporary {P}roblems in {S}tatistical {P}hysics}
}

@MISC{Fer08,
  note = {\url{http://fermi.gsfc.nasa.gov/}}
}

@MISC{LHC13,
  note = {\url{http://lhc-commissioning.web.cern.ch/lhc-commissioning/}}
}

@ARTICLE{,
  owner = {piero},
  timestamp = {2017.08.28}
}

@MISC{LHC12a,
  title = {LHC physics data taking gets underway at new record collision energy
	of 8 TeV},
  year = {2012},
  note = {\url{http://press.web.cern.ch/press/PressReleases/Releases2012/PR10.12E.html}}
}

@article{Emparan:2008eg,
      author         = "Emparan, Roberto and Reall, Harvey S.",
      title          = "{Black Holes in Higher Dimensions}",
      journal        = "Living Rev. Rel.",
      volume         = "11",
      year           = "2008",
      pages          = "6",
      doi            = "10.12942/lrr-2008-6",
      eprint         = "0801.3471",
      archivePrefix  = "arXiv",
      primaryClass   = "hep-th",
      SLACcitation   = "%%CITATION = ARXIV:0801.3471;%%"
}

@article{Tangherlini:1963bw,
      author         = "Tangherlini, F. R.",
      title          = "{Schwarzschild field in n dimensions and the
                        dimensionality of space problem}",
      journal        = "Nuovo Cim.",
      volume         = "27",
      year           = "1963",
      pages          = "636-651",
      doi            = "10.1007/BF02784569",
      SLACcitation   = "%%CITATION = NUCIA,27,636;%%"
}

@inproceedings{Koppel:2017rsf,
      author         = "Köppel, Sven and Knipfer, Marco and Isi, Maximiliano and
                        Mureika, Jonas and Nicolini, Piero",
      title          = "{Generalized uncertainty principle and extra dimensions}",
      booktitle      = "{2nd Karl Schwarzschild Meeting on Gravitational
                        Physics}",
      journal        = "Springer Proc. Phys.",
      volume         = "208",
      year           = "2018",
      pages          = "141-147",
      doi            = "10.1007/978-3-319-94256-8_16",
      eprint         = "1703.05222",
      archivePrefix  = "arXiv",
      primaryClass   = "hep-th",
      SLACcitation   = "%%CITATION = ARXIV:1703.05222;%%"
}


