bibliography/qgr/modgup_paper_refs.bib