@comment{x-kbibtex-personnameformatting=<%l><, %f>}

@book{ticciati1999qft,
	author = "Ticciati, R. and Rota, G.C. and Doran, B. and Flajolet, P. and Ismail, M. and Lam, T.Y. and Lutwak, E.",
	isbn = "9780521632652",
	lccn = "98039473",
	publisher = "Cambridge University Press",
	series = "{Encyclopedia of Mathematics and its Applications}",
	title = "{Quantum Field Theory for Mathematicians}",
	url = "https://books.google.de/books?id=l-ruCWBpK8AC",
	year = "1999"
}

@book{bader2012space,
	author = "Bader, M.",
	isbn = "9783642310454",
	lccn = "2012949128",
	publisher = "Springer Berlin Heidelberg",
	series = "{Texts in Computational Science and Engineering}",
	title = "{Space-Filling Curves: An Introduction With Applications in Scientific Computing}",
	url = "https://books.google.de/books?id=eIe\_OdFP0WkC",
	year = "2012"
}

@unpublished{exahype-web,
	author = "{Charrier}, D.~E. and {Dumbser}, M. and {Duru}, K. and {Fambri}, F. and {Gabriel}, A. and {Gallard}, J.~M. and {K{\"o}ppel}, S. and {Osorio}, A. and {Rannabauer}, L. and {Rezzolla}, L. and {Tavelli}, M. and {Weinzierl}, T.",
	note = "\url{http://www.exahype.eu}",
	title = "{ExaHyPE, an Exascale Hyperbolic PDE Engine}",
	year = 2018
}

@unpublished{exahype-guidebook,
	author = "{Schwarz}, Angelika and {Charrier}, Dominic Etienne and {Guera}, Fabian and {Gallard}, Jean-Matthieu and {Hazelwood}, Benjamin and {Samfass}, Philipp and {K{\"o}ppel}, Sven and {Weinzierl}, Tobias and {Varduhn}, Vasco",
	note = "\url{http://www.exahype.eu}",
	title = "{The ExaHyPE Guidebook}",
	year = "2018"
}

@article{Koeppel2017b,
	adsnote = "Provided by the SAO/NASA Astrophysics Data System",
	adsurl = "http://adsabs.harvard.edu/abs/2017arXiv171108221K",
	archiveprefix = "arXiv",
	author = "{K{\"o}ppel}, S.",
	eprint = "1711.08221",
	journal = "arXiv:1711.08221",
	keywords = "General Relativity and Quantum Cosmology",
	month = nov,
	primaryclass = "gr-qc",
	title = "{Towards an exascale code for GRMHD on dynamical spacetimes}",
	year = 2017
}

@eprint{Koeppel2018B,
	author = "K{\"o}ppel, S. and Rezzolla, L.",
	note = "in preparation",
	title = "{Towards an exascale code for MHD on dynamical spacetimes}",
	year = 2018
}

@unpublished{exahype-reviewB,
	author = "{Charrier}, D. E. and {Weinzierl}, T.",
	note = "in preparation",
	title = "{Stop Talking to me -- a communication-avoiding ADER-DG realisation}",
	year = 2017
}

@inproceedings{Koeppel:2017kiz,
	archiveprefix = "arXiv",
	author = "K{\"o}ppel, Sven",
	eprint = "1711.08221",
	primaryclass = "gr-qc",
	slaccitation = "%\%CITATION = ARXIV:1711.08221;\%\%",
	title = "{Towards an exascale code for GRMHD on dynamical spacetimes}",
	url = "http://inspirehep.net/record/1637568/files/arXiv:1711.08221.pdf",
	year = "2017"
}

@book{ulmann2013analog,
	author = "Ulmann, B.",
	isbn = "9783486728972",
	publisher = "Oldenbourg Wissenschaftsverlag",
	title = "{Analog Computing}",
	url = "https://books.google.de/books?id=npI8B805hLQC",
	year = "2013"
}

@phdthesis{Guercilena2018:thesis,
	author = "Guercilena, Federico",
	pages = "iv, 212",
	title = "{Dynamics of binary compact objects: from novel numerical approaches to the creation of heavy elements}",
	url = "http://nbn-resolving.de/urn/resolver.pl?urn:nbn:de:hebis:30:3-464391",
	year = "2018"
}

@inproceedings{Gourgoulhon:2018yss,
	archiveprefix = "arXiv",
	author = "Gourgoulhon, {\'E}ric and Mancini, Marco",
	eprint = "1804.07346",
	primaryclass = "gr-qc",
	slaccitation = "%\%CITATION = ARXIV:1804.07346;\%\%",
	title = "{Symbolic tensor calculus on manifolds: a SageMath implementation}",
	year = "2018"
}

@article{Bicak:2014vna,
	archiveprefix = "arXiv",
	author = "Bi\v{c}{\'a}k, Ji\v{r}{\'i} and Tafel, Jacek",
	booktitle = "{Proceedings, 20th International Conference on General Relativity and Gravitation and 10th Amaldi Conference on Gravitational Waves (GR20 / Amaldi10): The First Century of General Relativity: Warsaw, Poland, July 7-13, 2013}",
	doi = "10.1007/s10714-014-1685-3",
	eprint = "1402.2077",
	journal = "Gen. Rel. Grav.",
	number = "5",
	pages = "1685",
	primaryclass = "gr-qc",
	slaccitation = "%\%CITATION = ARXIV:1402.2077;\%\%",
	title = "{Exact solutions and their interpretation - session A1}",
	volume = "46",
	year = "2014"
}

@article{Gourgoulhon:2014ywa,
	archiveprefix = "arXiv",
	author = "Gourgoulhon, Eric and Bejger, Michal and Mancini, Marco",
	booktitle = "{Proceedings, Spanish Relativity Meeting: Almost 100 years after Einstein Revolution (ERE 2014): Valencia, Spain, September 1-5, 2014}",
	doi = "10.1088/1742-6596/600/1/012002",
	eprint = "1412.4765",
	journal = "J. Phys. Conf. Ser.",
	number = "1",
	pages = "012002",
	primaryclass = "gr-qc",
	slaccitation = "%\%CITATION = ARXIV:1412.4765;\%\%",
	title = "{Tensor calculus with open-source software: the SageManifolds project}",
	volume = "600",
	year = "2015"
}

@article{MacCallum2018,
	abstract = "The complicated nature of calculations in general relativity was one of the driving forces in the early development of computer algebra (CA). CA has become widely used in gravity research (GR) and its use can be expected to grow further. Here the general nature of computer algebra is discussed, along with some aspects of CA system design; features particular to GR's requirements are considered; information on packages for CA in GR is provided, both for those packages currently available and for their predecessors; and applications of CA in GR are outlined.",
	author = "MacCallum, Malcolm A. H.",
	day = "20",
	doi = "10.1007/s41114-018-0015-6",
	issn = "1433-8351",
	journal = "Living Reviews in Relativity",
	month = "Aug",
	number = "1",
	pages = "6",
	title = "{Computer algebra in gravity research}",
	url = "https://doi.org/10.1007/s41114-018-0015-6",
	volume = "21",
	year = "2018"
}

@article{Tange2011a,
	address = "Frederiksberg, Denmark",
	author = "Tange, O.",
	journal = ";login: The USENIX Magazine",
	month = "Feb",
	number = "1",
	pages = "42--47",
	title = "{GNU Parallel - The Command-Line Power Tool}",
	url = "http://www.gnu.org/s/parallel",
	volume = "36",
	year = "2011"
}

@misc{SciPy,
	author = "Jones, Eric and Oliphant, Travis and Peterson, Pearu and others",
	title = "{{SciPy}: Open source scientific tools for {Python}}",
	url = "http://www.scipy.org/",
	year = "2001--"
}

@article{matplotlib,
	author = "Hunter, John D.",
	doi = "10.1109/MCSE.2007.55",
	eprint = "https://aip.scitation.org/doi/pdf/10.1109/MCSE.2007.55",
	journal = "Computing in Science \& Engineering",
	number = "3",
	pages = "90--95",
	title = "{Matplotlib: A 2D Graphics Environment}",
	url = "https://aip.scitation.org/doi/abs/10.1109/MCSE.2007.55",
	volume = "9",
	year = "2007"
}

@book{SuperintelligenceBook,
	author = "Bostrom, Nick",
	isbn = "978-0199678112",
	publisher = "Oxford University Press",
	title = "{Superintelligence: Paths, Dangers, Strategies}",
	year = "2014"
}

@phdthesis{xloopsPhd,
	author = "Son, Do Hoang",
	institution = "Johann Gutenberg-Universit{\"a}t Mainz",
	location = "Mainz",
	title = "{Feynman loop integrals and their automatic computer-aided evaluation}",
	year = "2003"
}

@inproceedings{Brucher:1998qd,
	archiveprefix = "arXiv",
	author = "Brucher, Lars",
	booktitle = "{6th Rhine Workshop on Computer Algebra Sankt Augustin, Germany, March 31-April 3, 1998}",
	eprint = "hep-ph/0002028",
	primaryclass = "hep-ph",
	reportnumber = "MZ-TH-98-18",
	slaccitation = "%\%CITATION = HEP-PH/0002028;\%\%",
	title = "{Automatic Feynman diagram calculation with xloops: A Short overview}",
	year = "1998"
}

@phdthesis{AnalogNingPhd,
	author = "Guo, Ning",
	doi = "10.7916/D86W9GRX",
	institution = "Columbia University",
	title = "{Investigation of Energy-Efficient Hybrid Analog/Digital Approximate Computation in Continuous Time}",
	year = "2017"
}

@inproceedings{FDStenicl3d,
	author = "Giles, Mike and L{\'a}szl{\'o}, Endre and Reguly, I.Z. and Appleyard, Jeremy and Demouth, Julien",
	doi = "10.1109/WHPCF.2014.10",
	month = "11",
	title = "{GPU Implementation of Finite Difference Solvers}",
	year = "2014"
}

@inproceedings{Sortino2009quadtree,
	author = "Sortino, Marco and Totis, G and , KULJANIC and Cukor, Goran",
	month = "01",
	pages = "203--207",
	title = "{Simulation of Cutting Forces and Cutting Conditions in Complex Turning Operations}",
	url = "https://www.researchgate.net/publication/257444716",
	year = "2009"
}

@article{Damour:2008yg,
	archiveprefix = "arXiv",
	author = "Damour, Thibault",
	booktitle = "{Relativistic field theories. Proceedings, 2nd Stueckelberg Workshop, Pescara, Italy, September 3-8, 2007}",
	doi = "10.1142/S0217751X08039992",
	eprint = "0802.4047",
	journal = "Int. J. Mod. Phys.",
	pages = "1130--1148",
	primaryclass = "gr-qc",
	slaccitation = "%\%CITATION = ARXIV:0802.4047;\%\%",
	title = "{Introductory lectures on the Effective One Body formalism}",
	volume = "A23",
	year = "2008"
}

@book{Schiesser2009,
	author = "Schiesser, William E and Griffiths, Graham W",
	isbn = "978-0-521-51986-1",
	publisher = "Cambridge University Press",
	title = "{A Compendium of Partial Differential Equation Models: Method of Lines Analysis with Matlab}",
	year = "2009"
}

@article{Wald:2009ue,
	archiveprefix = "arXiv",
	author = "Wald, Robert M.",
	booktitle = "{Mass and motion in general relativity. Proceedings, School on Mass, Orleans, France, June 23-25, 2008}",
	eprint = "0907.0412",
	journal = "Fundam. Theor. Phys.",
	note = "[,253(2009)]",
	pages = "253--262",
	primaryclass = "gr-qc",
	slaccitation = "%\%CITATION = ARXIV:0907.0412;\%\%",
	title = "{Introduction to Gravitational Self-Force}",
	volume = "162",
	year = "2011"
}

@unpublished{knipfer2019,
	author = "{K{\"o}ppel}, S. and {Knipfer}, M. and {Nicolini}, P.",
	note = "in preparation",
	title = "{Generalized Uncertainty Principle and Black Holes in Higher Dimensional Self Complete Gravity}"
}

@mastersthesis{Koeppel2014,
	author = "K{\"o}ppel, Sven",
	pages = "97",
	title = "{Ultraviolet improved black holes}",
	url = "http://d-nb.info/1164077651/34",
	year = "2014"
}

@article{DumbserToro2011,
	author = "Dumbser, Michael and Toro, Eleuterio F.",
	day = "01",
	doi = "10.1007/s10915-010-9400-3",
	issn = "1573-7691",
	journal = "Journal of Scientific Computing",
	month = "Jul",
	number = "1",
	pages = "70--88",
	title = "{A Simple Extension of the Osher Riemann Solver to Non-conservative Hyperbolic Systems}",
	url = "https://doi.org/10.1007/s10915-010-9400-3",
	volume = "48",
	year = "2011"
}

@article{Alzetta2018,
	author = "Alzetta, G. and Arndt, D. and Bangerth, W. and Boddu, V. and Brands, B. and Davydov, D. and Gassmoeller, R. and Heister, T. and Heltai, L. and Kormann, K. and Kronbichler, M. and Maier, M. and Pelteret, J.-P. and Turcksin, B. and Wells, D.",
	journal = "Journal of Numerical Mathematics",
	title = "{The \texttt{deal.II} Library, Version 9.0}",
	year = "2018, accepted"
}

@article{Bangerth2007,
	author = "Bangerth, W. and Hartmann, R. and Kanschat, G.",
	journal = "ACM Trans. Math. Softw.",
	number = 4,
	pages = "24/1--24/27",
	title = "{{deal.II} -- a General Purpose Object Oriented Finite Element Library}",
	volume = 33,
	year = 2007
}

@article{Baumgartner2005,
	author = "Baumgartner, G. and Auer, A. and Bernholdt, D. E. and Bibireata, A. and Choppella, V. and Cociorva, D. and Gao, Xiaoyang and Harrison, R. J. and Hirata, S. and Krishnamoorthy, S. and Krishnan, S. and Lam, Chi-chung and Lu, Qingda and Nooijen, M. and Pitzer, R. M. and Ramanujam, J. and Sadayappan, P. and Sibiryakov, A.",
	doi = "10.1109/JPROC.2004.840311",
	issn = "0018-9219",
	journal = "Proceedings of the IEEE",
	month = "Feb",
	number = "2",
	pages = "276--292",
	title = "{Synthesis of High-Performance Parallel Programs for a Class of ab Initio Quantum Chemistry Models}",
	volume = "93",
	year = "2005"
}

@article{Lam2011,
	author = "Lam, Chi-Chung and Rauber, Thomas and Baumgartner, Gerald and Cociorva, Daniel and Sadayappan, P.",
	doi = "10.1016/j.cl.2010.09.003",
	issn = "1477-8424",
	journal = "Computer Languages, Systems \& Structures",
	number = "2",
	pages = "63--75",
	title = "{Memory-optimal evaluation of expression trees involving large objects}",
	url = "http://www.sciencedirect.com/science/article/pii/S1477842410000278",
	volume = "37",
	year = "2011"
}

@inproceedings{Baumgartner2003,
	author = "Baumgartner, Gerald and Cociorva, Daniel and Lam, Chi-Chung and Sadayappan, P.",
	title = "{Compile-Time Optimizations for Tensor Contraction Expressions}",
	year = "2003"
}

@inproceedings{Nelson2015,
	author = "Nelson, T. and Rivera, A. and Balaprakash, P. and Hall, M. and Hovland, P. D. and Jessup, E. and Norris, B.",
	booktitle = "{2015 44th International Conference on Parallel Processing}",
	doi = "10.1109/ICPP.2015.106",
	issn = "0190-3918",
	month = "Sept",
	number = "",
	pages = "969--978",
	title = "{Generating Efficient Tensor Contractions for GPUs}",
	volume = "",
	year = "2015"
}

@inproceedings{Li2015,
	acmid = "2807671",
	address = "New York, NY, USA",
	articleno = "76",
	author = "Li, Jiajia and Battaglino, Casey and Perros, Ioakeim and Sun, Jimeng and Vuduc, Richard",
	booktitle = "{Proceedings of the International Conference for High Performance Computing, Networking, Storage and Analysis}",
	doi = "10.1145/2807591.2807671",
	isbn = "978-1-4503-3723-6",
	keywords = "code generation; multilinear algebra; offline autotuning; tensor operation",
	location = "Austin, Texas",
	numpages = "12",
	pages = "76:1--76:12",
	publisher = "ACM",
	series = "{SC '15}",
	title = "{An Input-adaptive and In-place Approach to Dense Tensor-times-matrix Multiply}",
	url = "http://doi.acm.org/10.1145/2807591.2807671",
	year = "2015"
}

@inproceedings{Koeppel2013,
	author = "K{\"o}ppel, Sven",
	booktitle = "{E-Learning zwischen Vision und Alltag}",
	editor = "Bremer, Claudia and Kr{\"o}mker, Detlef",
	isbn = "978-3-8309-2953-6",
	location = "Frankfurt",
	pages = "470",
	publisher = "Waxmann",
	title = "{POKAL: Kollaboratives eLearning neu erfunden}",
	volume = "64",
	year = "2013"
}

@article{Tavelli2018,
	adsnote = "Provided by the SAO/NASA Astrophysics Data System",
	adsurl = "http://adsabs.harvard.edu/abs/2018arXiv180409491T",
	archiveprefix = "arXiv",
	author = "{Tavelli}, M. and {Dumbser}, M. and {Charrier}, D.~E. and {Rannabauer}, L. and {Weinzierl}, T. and {Bader}, M.",
	eprint = "1804.09491",
	journal = "ArXiv e-prints",
	keywords = "Mathematics - Numerical Analysis; Physics - Computational Physics",
	month = apr,
	primaryclass = "math.NA",
	title = "{A simple diffuse interface approach on adaptive Cartesian grids for the linear elastic wave equations with complex topography}",
	year = 2018
}

@book{CalmetBook,
	author = "Calmet, Xavier",
	doi = "10.1007/978-3-319-10852-0",
	isbn = "978-3-319-10852-0",
	number = "178",
	publisher = "Springer",
	series = "{Fundamental Theories of Physics}",
	title = "{Quantum Aspects of Black Holes}"
}

@article{Meusburger:2010fs,
      author         = "Meusburger, C. and Schonfeld, T.",
      title          = "{Gauge fixing in (2+1)-gravity: Dirac bracket and
                        spacetime geometry}",
      journal        = "Class. Quant. Grav.",
      volume         = "28",
      year           = "2011",
      pages          = "125008",
      doi            = "10.1088/0264-9381/28/12/125008",
      eprint         = "1012.1835",
      archivePrefix  = "arXiv",
      primaryClass   = "gr-qc",
      reportNumber   = "ZMP-HH-10-22",
      SLACcitation   = "%%CITATION = ARXIV:1012.1835;%%"
}

@article{Mann:1997jb,
      author         = "Mann, Robert B.",
      title          = "{Black holes of negative mass}",
      journal        = "Class. Quant. Grav.",
      volume         = "14",
      year           = "1997",
      pages          = "2927-2930",
      doi            = "10.1088/0264-9381/14/10/018",
      eprint         = "gr-qc/9705007",
      archivePrefix  = "arXiv",
      primaryClass   = "gr-qc",
      reportNumber   = "WATPHYS-TH-97-03",
      SLACcitation   = "%%CITATION = GR-QC/9705007;%%"
}

@Article{Barcelo2011,
author="Barcel{\'o}, Carlos
and Liberati, Stefano
and Visser, Matt",
title="Analogue Gravity",
journal="Living Reviews in Relativity",
year="2011",
month="May",
day="11",
volume="14",
number="1",
pages="3",
issn="1433-8351",
doi="10.12942/lrr-2011-3",
url="https://doi.org/10.12942/lrr-2011-3",
     eprint         = "gr-qc/0505065",
      archivePrefix  = "arXiv",
      primaryClass   = "gr-qc",
      SLACcitation   = "%%CITATION = GR-QC/0505065;%%"
}

@article{Balbinot:2006ua,
      author         = "Balbinot, R. and Fabbri, A. and Fagnocchi, S. and
                        Parentani, R.",
      title          = "{Hawking radiation from acoustic black holes, short
                        distance and back-reaction effects}",
      journal        = "Riv. Nuovo Cim.",
      volume         = "28",
      year           = "2005",
      number         = "3",
      pages          = "1-55",
      doi            = "10.1393/ncr/i2006-10001-9",
      eprint         = "gr-qc/0601079",
      archivePrefix  = "arXiv",
      primaryClass   = "gr-qc",
      SLACcitation   = "%%CITATION = GR-QC/0601079;%%"
}

@article{Unruh81,
  title = {Experimental Black-Hole Evaporation?},
  author = {Unruh, W. G.},
  journal = {Phys. Rev. Lett.},
  volume = {46},
  issue = {21},
  pages = {1351--1353},
  numpages = {0},
  year = {1981},
  month = {May},
  publisher = {American Physical Society},
  doi = {10.1103/PhysRevLett.46.1351},
}

@article{Ashtekar1986,
      author         = "Ashtekar, A.",
      title          = "{New Variables for Classical and Quantum Gravity}",
      journal        = "Phys. Rev. Lett.",
      volume         = "57",
      year           = "1986",
      pages          = "2244-2247",
      doi            = "10.1103/PhysRevLett.57.2244",
      SLACcitation   = "%%CITATION = PRLTA,57,2244;%%"

}

@Article{Rovelli2008,
author="Rovelli, Carlo",
title="Loop Quantum Gravity",
journal="Living Reviews in Relativity",
year="2008",
month="Jul",
day="15",
volume="11",
number="1",
pages="5",
issn="1433-8351",
doi="10.12942/lrr-2008-5",
url="https://doi.org/10.12942/lrr-2008-5"
}

@ARTICLE{Teukolsky2014MM,
       author = {{Teukolsky}, Saul A.},
        title = "{Short note on the mass matrix for Gauss-Lobatto grid points}",
      journal = {Journal of Computational Physics},
     keywords = {Mass matrix, Gauss-Lobatto quadrature, Spectral methods, Discontinuous Galerkin methods, Finite element methods, Mathematics - Numerical Analysis, Computer Science - Numerical Analysis, Physics - Computational Physics},
         year = "2015",
        month = "Feb",
       volume = {283},
        pages = {408-413},
          doi = {10.1016/j.jcp.2014.12.012},
archivePrefix = {arXiv},
       eprint = {1412.2276},
 primaryClass = {math.NA},
       adsurl = {https://ui.adsabs.harvard.edu/\#abs/2015JCoPh.283..408T},
      adsnote = {Provided by the SAO/NASA Astrophysics Data System}
}

@article{LISP,
 author = {McCarthy, John},
 title = {Recursive Functions of Symbolic Expressions and Their Computation by Machine, Part I},
 journal = {Commun. ACM},
 issue_date = {April 1960},
 volume = {3},
 number = {4},
 month = apr,
 year = {1960},
 issn = {0001-0782},
 pages = {184--195},
 numpages = {12},
 url = {http://doi.acm.org/10.1145/367177.367199},
 doi = {10.1145/367177.367199},
 acmid = {367199},
 publisher = {ACM},
 address = {New York, NY, USA},
} 


% Was actually his bachelor thesis, but bibtex doesnt know that!
@MASTERSTHESIS{bachelor-knipfer14,
  author = {Marco Knipfer},
  title = {Generalized Uncertainty Principle inspired Schwarzschild Black Holes in extra dimensions},
  school = {Goethe University},
  year = {2014},
  address = {Frankfurt, Germany},
  url = {http://publikationen.ub.uni-frankfurt.de/frontdoor/index/index/docId/48519},
  urn =  {urn:nbn:de:hebis:30:3-485191}
}

@book{AmannODE,
  author={Herbert Amann},
  title={Ordinary Differential Equations: An Introduction to Nonlinear Analysis},
  publisher={De Gruyter Studies in Mathematics},
  year={1990},
  isbn={978-3-11-085369-8}
}

@article{Overduin:1998pn,
      author         = "Overduin, J. M. and Wesson, P. S.",
      title          = "{Kaluza-Klein gravity}",
      journal        = "Phys. Rept.",
      volume         = "283",
      year           = "1997",
      pages          = "303-380",
      doi            = "10.1016/S0370-1573(96)00046-4",
      eprint         = "gr-qc/9805018",
      archivePrefix  = "arXiv",
      primaryClass   = "gr-qc",
      SLACcitation   = "%%CITATION = GR-QC/9805018;%%"
}

@article{historyGoenner,
  title    = {On the History of Unified Field Theories},
  author   = {Hubert F. M. Goenner},
  journal  = {Living Reviews in Relativity},
  year     = {2004},
  number   = {2},
  volume   = {7},
  keywords = {history of science, unified field theories},
  doi      = {10.12942/lrr-2004-2},
  cited	   = "September 2014",
  url      = {http://www.livingreviews.org/lrr-2004-2}
}

@article{cavaglia,
      author         = "Cavaglia, Marco",
      title          = "{Black hole and brane production in TeV gravity: A
                        Review}",
      journal        = "Int.J.Mod.Phys.",
      volume         = "A18",
      pages          = "1843-1882",
      doi            = "10.1142/S0217751X03013569",
      year           = "2003",
      eprint         = "hep-ph/0210296",
      archivePrefix  = "arXiv",
      primaryClass   = "hep-ph",
      reportNumber   = "MIT-CTP-3299",
      SLACcitation   = "%%CITATION = HEP-PH/0210296;%%",
}

@preprint{Hossenfelder2004,
      author         = "Hossenfelder, Sabine",
      title          = "{What black holes can teach us}",
      year           = "2004",
      eprint         = "hep-ph/0412265",
      archivePrefix  = "arXiv",
      primaryClass   = "hep-ph",
      SLACcitation   = "%%CITATION = HEP-PH/0412265;%%",
}
